@unpublished{Baustian15,
  author = {Baustian, F. and Mr\'{a}zek, M. and Posp\'{\i}\v{s}il, J. and Sobotka, T.},
  title = {Unifying pricing formula for several stochastic volatility models with jumps},
  year = {2016},
  note = {Manuscript under review (submitted 04/2016)},
  date = {2016-04-11}
}

@article{BaustianMrazekPospisilSobotka17asmb,
  author = {Baustian, F. and Mr\'{a}zek, M. and Posp\'{\i}\v{s}il, J. and Sobotka, T.},
  title = {Unifying pricing formula for several stochastic volatility models with jumps},
  fjournal = {Applied Stochastic Models in Business and Industry},
  journal = {Appl. Stoch. Models Bus. Ind.},
  publisher = {John Wiley \& Sons Inc.},
  issn = {1524-1904},
  e-issn = {1526-4025},
  volume = {33},
  number = {4},
  pages = {422--442},
  year = {2017},
  date = {2017-08-14},
  doi = {10.1002/asmb.2248},
  scopus = {2-s2.0-85017385020},
  wos = {WOS:000407654400010},
  zbl = {},
  mrnumber = {3690484},
  mrclass = {91G20 (60H30 60J75 91B70)},
  msc2010 = {},
  nourl = {http://onlinelibrary.wiley.com/doi/10.1002/asmb.2248/abstract},
  obd = {43916418},
  riv = {}
}

@inproceedings{DanekPospisil15tcp,
  author = {Dan\v{e}k, J. and Posp\'{\i}\v{s}il, J.},
  title = {Numerical integration of inaccurately evaluated functions},
  booktitle = {Technical Computing Prague 2015},
  publisher = {University of Chemistry Technology},
  address = {Prague},
  isbn = {978-80-7080-936-5},
  issn = {2336-1662},
  pages = {1--11},
  year = {2015},
  date = {2015-11-04},
  note = {TCP 2015, November 4, 2015, Prague, Czech Republic},
  obd = {43911816},
  riv = {RIV/49777513:23520/15:43926330},
  nourl = {http://www.humusoft.cz/ftp/www/papers/tcp2015/014_danek.pdf}
}

@unpublished{DanekPospisil17,
  author = {Dan\v{e}k, J. and Posp\'{\i}\v{s}il, J.},
  title = {Numerical aspects of integration in semi-closed option pricing formulas for stochastic volatility jump diffusion models},
  year = {2017},
  note = {Manuscript under review (submitted 01/2017)}
}

@article{DanekPospisil18ijcm,
  author = {Daněk, Josef and Pospíšil, Jan},
  title = {Numerical aspects of integration in semi-closed option pricing formulas for stochastic volatility jump diffusion models},
  journal = {Int. J. Comput. Math.},
  fjournal = {International Journal of Computer Mathematics},
  publisher = {Taylor \& Fancis},
  issn = {0020-7160},
  e-issn = {1029-0265},
  year = {2019},
  doi = {10.1080/00207160.2019.1614174},
  note = {In press (published online first 2019-05-02)},
  date = {2019-05-02}
}

@unpublished{KozenyPospisil16,
  author = {Kozeny, V. and Posp\'{\i}\v{s}il, J.},
  title = {Novel approach to calibration of stochastic volatility models using quasi evolutionary algorithms with local search optimization},
  year = {2016},
  note = {Manuscript under review (submitted 12/2016)}
}

@article{KozenyPospisil17eswa,
  author = {Kozeny, V. and Posp\'{\i}\v{s}il, J.},
  title = {Novel approach to calibration of stochastic volatility models using quasi evolutionary algorithms with local search optimization},
  year = {2017},
  journal = {Expert Systems with Applications},
  publisher = {Elsevier},
  issn = {0957-4174},
  note = {Manuscript in preparation},
  date = {2017-01}
}

@unpublished{MerinoPospisilSobotkaSottinenVives17,
  author = {Merino, R. and Posp\'{\i}\v{s}il, J. and Sobotka, T. and Sottinen, T. and Vives, J.},
  title = {Decomposition formula for rough fractional stochastic volatility models},
  year = {2020},
  note = {Submitted}
}

@mastersthesis{Mrazek13,
  author = {Mr\'{a}zek, M.},
  title = {{Heston stochastic volatility model}},
  school = {University of West Bohemia in Plze\v{n}},
  address = {Czech Republic},
  year = {2013},
  pages = {vi+96}
}

@unpublished{MrazekPospisil14,
  author = {Mr\'{a}zek, M. and Posp\'{\i}\v{s}il, J.},
  title = {Calibration and Simulation of {H}eston Model},
  year = {2016},
  note = {Manuscript under review (submitted 07/2016)}
}

@article{MrazekPospisil17openmath,
  author = {Mr\'{a}zek, M. and Posp\'{\i}\v{s}il, J.},
  title = {Calibration and Simulation of {H}eston Model},
  fjournal = {Open Mathematics},
  journal = {Open Math.},
  publisher = {De Gruyter Open},
  address = {Warsaw},
  issn = {2391-5455},
  volume = {15},
  number = {1},
  pages = {679--704},
  year = {2017},
  date = {2017-07-29},
  doi = {10.1515/math-2017-0058},
  scopus = {2-s2.0-85021093010},
  wos = {WOS:000404576900001},
  zbl = {1368.60061},
  mrnumber = {3657941},
  mrclass = {91G60 (60H10 60H35 65K10 91G20)},
  msc2010 = {60H10 60H35 65K10 91G20 91G60},
  nourl = {https://www.degruyter.com/view/j/math.2017.15.issue-1/math-2017-0058/math-2017-0058.xml},
  obd = {43916435},
  riv = {}
}

@inproceedings{MrazekPospisilSobotka14amcm,
  author = {Mr{\'a}zek, M. and Posp\'{\i}{\v{s}}il, J. and Sobotka, T.},
  title = {On optimization techniques for calibration of stochastic volatility models.},
  booktitle = {Applied Numerical Mathematics and Scientific Computation},
  publisher = {Europment},
  address = {Athens, Greece},
  isbn = {978-1-61804-253-8},
  pages = {34--40},
  year = {2014},
  date = {2014-11-28},
  note = {AMCM 2015, November 28-30, 2014, Athens, Greece},
  obd = {43908270},
  riv = {RIV/49777513:23520/14:43923420}
}

@article{MrazekPospisilSobotka16ejor,
  author = {Mr{\'a}zek, M. and Posp\'{\i}{\v{s}}il, J. and Sobotka, T.},
  title = {On calibration of stochastic and fractional stochastic volatility models},
  journal = {European J. Oper. Res.},
  fjournal = {European Journal of Operational Research},
  issn = {0377-2217},
  e-issn = {},
  volume = {254},
  number = {3},
  pages = {1036--1046},
  year = {2016},
  date = {2016-04-23},
  doi = {10.1016/j.ejor.2016.04.033},
  scopus = {2-s2.0-84973557324},
  pii = {S0377221716302521},
  wos = {WOS:000378663000029},
  zbl = {1346.91238},
  mrnumber = {3508893},
  mrclass = {91G20 (60H30 62P05 91G80)},
  msc2010 = {91G20 60H30 35R60 35R11 62P05 91B70 91G80},
  nourl = {http://www.sciencedirect.com/science/article/pii/S0377221716302521},
  obd = {43915067},
  riv = {RIV/49777513:23520/16:43929047}
}

@unpublished{PospisilSobotka15amf,
  author = {Posp\'{\i}\v{s}il, J. and Sobotka, T.},
  title = {Market calibration under a long memory stochastic volatility model},
  year = {2015},
  note = {Manuscript under review.}
}

@article{PospisilSobotka16amf,
  author = {Posp\'{\i}\v{s}il, J. and Sobotka, T.},
  title = {Market calibration under a long memory stochastic volatility model},
  fjournal = {Applied Mathematical Finance},
  journal = {Appl. Math. Finance},
  publisher = {Taylor \& Francis, Ltd.},
  issn = {1350-486X},
  e-issn = {1466-4313},
  volume = {23},
  number = {5},
  pages = {323--343},
  year = {2016},
  date = {2017-01-25},
  doi = {10.1080/1350486X.2017.1279977},
  scopus = {2-s2.0-85010698375},
  obd = {43916420},
  riv = {RIV/49777513:23520/16:43930083},
  nourl = {http://www.tandfonline.com/doi/full/10.1080/1350486X.2017.1279977},
  mrnumber = {3615548},
  mrclass = {91B70 (91G80)},
  zbl = {1396.91760}
}

@article{PospisilSobotka16dib,
  author = {Posp\'{\i}\v{s}il, J. and Sobotka, T.},
  title = {Test data sets for calibration of stochastic and fractional stochastic volatility models},
  journal = {Data Brief},
  fjournal = {Data in Brief},
  volume = {8},
  number = {C},
  pages = {628--630},
  year = {2016},
  doi = {10.1016/j.dib.2016.06.016},
  wos = {WOS:000453168700100},
  scopus = {2-s2.0-84977151094},
  pii = {s2352340916303845},
  obd = {43915068},
  riv = {RIV/49777513:23520/16:43929048}
}

@unpublished{PospisilSobotkaZiegler16,
  author = {Posp\'{\i}\v{s}il, J. and Sobotka, T. and Ziegler, P.},
  title = {Robustness and sensitivity analyses for stochastic volatility models under uncertain data structure},
  year = {2016},
  note = {Manuscript under review (submitted 06/2016)}
}

@article{PospisilSobotkaZiegler18ee,
  author = {Posp\'{\i}\v{s}il, J. and Sobotka, T. and Ziegler, P.},
  title = {Robustness and sensitivity analyses for stochastic volatility models under uncertain data structure},
  journal = {Empir. Econ.},
  fjournal = {Empirical Economics},
  publisher = {Springer Verlag},
  issn = {0377-7332},
  e-issn = {1435-8921},
  volume = {},
  number = {},
  pages = {},
  year = {2018},
  doi = {10.1007/s00181-018-1535-3},
  scopus = {2-s2.0-85052079492},
  note = {In press (published online first 2018-07-31)},
  date = {2018-07-31}
}

@unpublished{PospisilSvigler17,
  author = {Posp\'{\i}\v{s}il, J. and \v{S}v\'{\i}gler, V.},
  title = {Isogeometric analysis in option pricing},
  year = {2017},
  note = {Manuscript under review (submitted 01/2017)}
}

@article{PospisilSvigler18ijcm,
  author = {Posp\'{\i}\v{s}il, J. and \v{S}v\'{\i}gler, V.},
  title = {Isogeometric analysis in option pricing},
  journal = {Int. J. Comput. Math.},
  fjournal = {International Journal of Computer Mathematics},
  publisher = {Taylor \& Fancis},
  issn = {0020-7160},
  e-issn = {1029-0265},
  volume = {},
  number = {},
  pages = {},
  year = {2018},
  doi = {10.1080/00207160.2018.1494826},
  scopus = {2-s2.0-85049989978},
  note = {In press (published online first 2018-07-16)},
  date = {2018-07-16}
}

@mastersthesis{Sobotka12,
  author = {Sobotka, T.},
  title = {Dynamic Models of Stock Volatility},
  school = {Brunel University},
  year = {2012}
}

@mastersthesis{Sobotka14,
  author = {Sobotka, T.},
  title = {Stochastic and fractional stochastic volatility models},
  school = {University of West Bohemia},
  year = {2014}
}

