@book{AlosLorite,
  author = {Al\`os, E. and Garc√≠a Lorite, D.},
  publisher = {Chapman and Hall/CRC},
  title = {Malliavin Calculus in Finance: Theory and Practice},
	isbn = {978-0367893446},
  year = {2021}
}

@book{Brent,
  author = {Brent, R.P.},
  isbn = {0-13-022335-2},
  publisher = {Prentice-Hall},
  title = {Algorithms for minimization without derivatives},
  year = {1973}
}

@Book{Ross,
  Title= {Introduction to Probability Models},
  Author= {Sheldon M. Ross},
  Publisher= {Academic Press},
  Year= {2014},
  Edition= {Eleventh}
}



@book{Thorp,
  author = {Kassoui, S. T. and Thorp, E. 0.},
  publisher = {Random House},
  title = {Beat the Market},
  year = {1967}
}



@book{Protter,
  author = {Protter, P.},
  isbn = {3-540-00313-4},
  publisher = {Springer-Verlag Berlin Heidelberg},
  title = {Stochastic integration and differential equations},
  year = {2004}
}

@book{LambertonLapeyre,
  author = {Lamberton, D. and Lapeyre, B.},
  title = {Introduction to stochastic calculus applied to finance},
	series = {Financial Mathematics Series},
  publisher = {Chapman and Hall/CRC },
  year = {1996},
  isbn = {978-1584886266}
}

@book{Privault,
  author = {Privault, N.},
  title = {Stochastic finance: An introduction with market examples },
	series = {Financial Mathematics Series},
  publisher = {Chapman and Hall/CRC },
  year = {2003},
  isbn = {978-1466594029 }
}

@book{AchdouPironneau05,
  author = {Achdou, Y. and Pironneau, O.},
  title = {Computational methods for option pricing},
  series = {Frontiers in Applied Mathematics},
  volume = {30},
  publisher = {Society for Industrial and Applied Mathematics (SIAM), Philadelphia, PA},
  year = {2005},
  pages = {xviii+297},
  isbn = {0-89871-573-3},
  mrclass = {91-02 (65M06 65M60 91B28)},
  mrnumber = {2159611},
  mrreviewer = {Carlos V{\'a}zquez Cend{\'o}n},
  doi = {10.1137/1.9780898717495},
  nourl = {http://dx.doi.org/10.1137/1.9780898717495}
}

@book{Ahlfors1978,
  author = {Ahlfors, L. V.},
  title = {Complex analysis},
  edition = {Third},
  nonote = {An introduction to the theory of analytic functions of one complex variable, International Series in Pure and Applied Mathematics},
  publisher = {McGraw-Hill Book Co., New York},
  year = {1978},
  pages = {xi+331},
  isbn10 = {0-07-000657-1},
  isbn10 = {978-0-07-000657-7},
  mrclass = {30-01},
  mrnumber = {510197 (80c:30001)}
}

@book{BaxterRennie,
  author = {Baxter, M and Rennie, A.},
  isbn = {9780521552899},
  publisher = {Cambridge University Press},
  title = {Financial calculus: An introduction to derivative pricing},
  year = {1996}
}

@book{Bauer96,
  author = {Bauer, H.},
  isbn = {9783110139358},
  lccn = {95039173},
  publisher = {Bod Third Party Titles},
  series = {De Gruyter studies in mathematics},
  title = {Probability theory},
  year = {1996}
}

@book{Beran94,
  author = {Beran, J.},
  isbn = {9780412049019},
  lccn = {lc94014144},
  publisher = {Taylor \& Francis},
  series = {Chapman \& Hall/CRC Monographs on Statistics \& Applied Probability},
  title = {Statistics for long-memory processes},
  year = {1994}
}

@book{Beran13,
  author = {Beran, J. and Feng, Y. and Ghosh, S. and Kulik, R.},
  fauthor = {Beran, Jan and Feng, Yuanhua and Ghosh, Sucharita and Kulik, Rafal},
  title = {Long-memory processes},
  note = {Probabilistic properties and statistical methods},
  publisher = {Springer, Heidelberg},
  year = {2013},
  pages = {xviii+884},
  isbn = {978-3-642-35511-0; 978-3-642-35512-7},
  mrclass = {62-02 (60G18 60G22 60G52 60G60 62Mxx 91B82 91G70)},
  mrnumber = {3075595},
  mrreviewer = {Gilles Teyssi{\`e}re},
  doi = {10.1007/978-3-642-35512-7},
  url = {http://dx.doi.org/10.1007/978-3-642-35512-7}
}

@book{Bergomi16,
  author = {Bergomi, L.},
  title = {Stochastic Volatility Modeling},
  series = {Chapman and Hall/CRC Financial Mathematics Series},
  publisher = {Chapman and Hall/CRC},
  address = {Boca Raton},
  isbn13 = {978-1-4822-4407-6},
  isbn = {978-1-4822-4407-6},
  pages = {502+xvi},
  year = {2016}
}

@book{Biagini08,
  author = {Biagini, F. and Hu, Y. and {\O}ksendal, B. and Zhang, T.},
  isbn = {9781846287978},
  lccn = {2008920683},
  publisher = {Springer},
  series = {Probability and Its Applications},
  title = {Stochastic calculus for fractional {B}rownian motion and applications},
  year = {2008}
}

@book{Campbell97,
  title = {The econometrics of financial markets},
  author = {Campbell, John Y and Lo, Andrew Wen-Chuan and MacKinlay, Archie Craig and others},
  volume = {2},
  isbn = {9780691043012},
  year = {1997},
  publisher = {{P}rinceton {U}niversity press, Princeton, NJ}
}

@book{Chernick99,
  author = {Chernick, M. R.},
  title = {Bootstrap methods},
  series = {Wiley Series in Probability and Statistics: Applied Probability and Statistics},
  note = {A practitioner's guide, A Wiley-Interscience Publication},
  publisher = {John Wiley \& Sons, Inc., New York},
  year = {1999},
  pages = {xvi+264},
  isbn = {0-471-34912-7},
  mrclass = {62G09},
  mrnumber = {1723316},
  mrreviewer = {Gutti J. Babu}
}

@book{Chernick08,
  author = {Chernick, M. R.},
  title = {Bootstrap methods: a guide for practitioners and researchers},
  series = {Wiley Series in Probability and Statistics},
  edition = {Second},
  publisher = {John Wiley \& Sons},
  address = {Hoboken, NJ},
  year = {2008},
  pages = {xviii+369},
  isbn = {978-0-471-75621-7},
  mrclass = {62-02 (62F40 62G09)},
  mrnumber = {2355547}
}

@book{Choudhry10,
  author = {Choudhry, M.},
  isbn = {9781576603345},
  publisher = {John Wiley \& Sons},
  series = {Bloomberg Professional},
  title = {Fixed income securities and derivatives handbook: Analysis and valuation},
  year = {2010}
}

@book{ContTankov03,
  fauthor = {Cont, Rama and Tankov, Peter},
  author = {Cont, R. and Tankov, P.},
  title = {Financial modelling with jump processes},
  series = {Chapman \& Hall/CRC Financial Mathematics Series},
  publisher = {Chapman \& Hall/CRC, Boca Raton, FL},
  year = {2003},
  pages = {xvi+535},
  isbn = {9781584884132},
  mrclass = {91-02 (60J75 91B28 91B84)},
  mrnumber = {2042661}
}

@book{Cootner64,
  author = {Cootner, P. H.},
  fauthor = {Cootner, Paul H.},
  title = {The random character of stock market prices},
  publisher = {MIT Press},
  address = {Cambridge, MA},
  isbn = {9780262030090},
  nourl = {https://books.google.cz/books?id=jW9gT8U6dqQC},
  year = {1964}
}

@book{Cottrell09,
  author = {Cottrell, J. A. and Hughes, T. J. R. and Bazilevs, Y.},
  title = {Isogeometric analysis: toward integration of CAD and FEA},
  isbn = {978-0-470-74873-2},
  publisher = {John Wiley \& Sons},
  address = {Chichester, West Sussex, U.K.},
  year = {2009}
}

@book{Dahlquist08,
  author = {Dahlquist, G. and \AA{}ke, B.},
  fauthor = {Dahlquist, Germund and Bj\"orck, \AA{}ke},
  title = {Numerical methods in scientific computing. {V}ol. {I}},
  publisher = {Society for Industrial and Applied Mathematics (SIAM), Philadelphia, PA},
  year = {2008},
  pages = {xxviii+717},
  isbn = {978-0-898716-44-3},
  mrclass = {65-01},
  mrnumber = {2412832},
  mrreviewer = {Ian Gladwell},
  doi = {10.1137/1.9780898717785},
  nourl = {http://dx.doi.org/10.1137/1.9780898717785}
}

@book{DautrayLions92,
  fauthor = {Dautray, Robert and Lions, Jacques-Louis},
  author = {Dautray, R. and Lions, J.-L.},
  title = {Mathematical analysis and numerical methods for science and technology. {V}ol. 5},
  publisher = {Springer-Verlag, Berlin},
  year = {1992},
  pages = {xiv+709},
  isbn = {3-540-50205-X; 3-540-66101-8},
  mrclass = {00A05 (35-01 47-01)},
  mrnumber = {1156075},
  doi = {10.1007/978-3-642-58090-1},
  nourl = {http://dx.doi.org/10.1007/978-3-642-58090-1},
  nonote = {Evolution problems I.}
}

@book{DautrayLions93,
  fauthor = {Dautray, Robert and Lions, Jacques-Louis},
  author = {Dautray, R. and Lions, J.-L.},
  title = {Mathematical analysis and numerical methods for science and technology. {V}ol. 6},
  publisher = {Springer-Verlag, Berlin},
  year = {1993},
  pages = {xii+485},
  isbn = {3-540-50206-8; 3-540-66102-6},
  mrclass = {00A05 (35-01 47-01 82-01)},
  mrnumber = {1295030},
  doi = {10.1007/978-3-642-58004-8},
  nourl = {http://dx.doi.org/10.1007/978-3-642-58004-8},
  nonote = {Evolution problems II.}
}

@book{Davis11,
  author = {Davis, M. and Bachelier, L. and Etheridge, A. and Samuelson, P.A.},
  isbn = {9781400829309},
  publisher = {Princeton University Press},
  title = {Louis Bachelier's theory of speculation: The origins of modern finance},
  year = {2011}
}

@book{Davis07,
  author = {Davis, P. J. and Rabinowitz, P.},
  fauthor = {Davis, Philip J. and Rabinowitz, Philip},
  title = {Methods of numerical integration},
  note = {Corrected reprint of the second (1984) edition},
  publisher = {Dover Publications, Inc., Mineola, NY},
  year = {2007},
  pages = {xii+612},
  isbn = {978-0-486-45339-2},
  isbn10 = {0-486-45339-1},
  mrclass = {65D30},
  mrnumber = {2401585}
}

@book{DelbaenSchachermayer06,
  title = {The mathematics of arbitrage},
  author = {Delbaen, F. and Schachermayer, W.},
  isbn = {9783540219927},
  year = {2006},
  publisher = {Springer}
}

@book{Derman16,
  author = {Derman, E. and Miller, M. B. and Park, D.},
  fauthor = {Emanuel Derman, Michael B. Miller, David Park},
  title = {The Volatility Smile},
  isbn = {978-1-118-95916-9},
  publisher = {John Wiley \& Sons},
  address = {Hoboken, New Jersey},
  year = {2016},
  series = {Wiley Finance},
  nourl = {http://eu.wiley.com/WileyCDA/WileyTitle/productCd-1118959167.html}
}

@book{Efron82,
  author = {Efron, B.},
  title = {The jackknife, the bootstrap and other resampling plans},
  series = {CBMS-NSF Regional Conference Series in Applied Mathematics},
  volume = {38},
  publisher = {Society for Industrial and Applied Mathematics (SIAM), Philadelphia, Pa.},
  year = {1982},
  pages = {vi+92},
  isbn = {0-89871-179-7},
  mrclass = {62F10 (62F35 62G05)},
  mrnumber = {659849},
  mrreviewer = {A. N. Pettitt}
}

@book{Evans12,
  author = {Evans, L.C.},
  isbn = {9781470410544},
  publisher = {American Mathematical Society},
  title = {An introduction to stochastic differential equations},
  year = {2012}
}

@book{Evans10,
  author = {Evans, Lawrence C.},
  title = {Partial differential equations},
  series = {Graduate Studies in Mathematics},
  volume = {19},
  edition = {Second},
  publisher = {American Mathematical Society, Providence, RI},
  year = {2010},
  pages = {xxii+749},
  isbn = {978-0-8218-4974-3},
  mrclass = {35-01},
  mrnumber = {2597943},
  mrreviewer = {Diego M. Maldonado},
  doi = {10.1090/gsm/019},
  url = {https://doi.org/10.1090/gsm/019}
}

@book{Etheridge,
  author = {Etheridge, A. },
  title = {A Course in Financial Calculus},
  publisher = {Cambridge University Press},
  year = {2011},
  isbn = {978-0521813853},
}


@book{Feller68,
  author = {Feller, W.},
  isbn = {0471257087},
  month = {January},
  publisher = {Wiley},
  title = {An introduction to probability theory and its applications},
  volume = 1,
  year = 1968
}

@book{Fouque00,
  fauthor = {Fouque, Jean-Pierre and Papanicolaou, George and Sircar, K.  Ronnie},
  author = {Fouque, J.-P. and Papanicolaou, G. and Sircar, K. R.},
  title = {Derivatives in financial markets with stochastic volatility},
  isbn = {0-521-79163-4},
  publisher = {Cambridge University Press},
  address = {Cambridge, U.K.},
  year = {2000},
  mrnumber = {1768877},
  mrclass = {91B28 (60G99 60H10 60J60)},
  pages = {xiv+201}
}

@book{Friedman12,
  author = {Friedman, A.},
  isbn = {9780486141121},
  publisher = {Dover Publications},
  series = {Dover Books on Mathematics},
  title = {Stochastic differential equations and applications},
  year = {2012}
}

@book{Gatheral06,
  author = {Gatheral, J.},
  title = {The volatility surface: A practitioner's guide},
  isbn = {9780470068250},
  publisher = {John Wiley \& Sons},
  address = {Hoboken, New Jersey},
  series = {Wiley Finance},
  year = {2006}
}

@book{Gautschi97,
  author = {Gautschi, Walter},
  title = {Numerical analysis},
  note = {An introduction},
  publisher = {Birkh\"auser Boston, Inc., Boston, MA},
  year = {1997},
  pages = {xiv+506},
  isbn = {0-8176-3895-4},
  mrclass = {65-01},
  mrnumber = {1454125},
  mrreviewer = {Ian Gladwell}
}

@book{Gautschi04,
  author = {Gautschi, Walter},
  title = {Orthogonal polynomials: computation and approximation},
  series = {Numerical Mathematics and Scientific Computation},
  note = {Oxford Science Publications},
  publisher = {Oxford University Press, New York},
  year = {2004},
  pages = {x+301},
  isbn = {0-19-850672-4},
  mrclass = {42-02 (33C45 33F05 42C05)},
  mrnumber = {2061539},
  mrreviewer = {Leonid B. Golinski\u\i }
}

@book{Gautschi14a,
  author = {Gautschi, Walter},
  title = {Walter {G}autschi. {S}elected works with commentaries. {V}ol. 1},
  series = {Contemporary Mathematicians},
  note = {Edited by Claude Brezinski and Ahmed Sameh},
  publisher = {Birkh\"auser/Springer, New York},
  year = {2014},
  pages = {xii+694},
  isbn = {978-1-4614-7033-5; 978-1-4614-7034-2},
  mrclass = {65-03 (01A75 33-03)},
  mrnumber = {3309119}
}

@book{Gautschi14b,
  author = {Gautschi, Walter},
  title = {Walter {G}autschi. {S}elected works with commentaries. {V}ol. 2},
  series = {Contemporary Mathematicians},
  note = {Edited by Claude Brezinski and Ahmed Sameh},
  publisher = {Birkh\"auser/Springer, New York},
  year = {2014},
  pages = {xiv+914},
  isbn = {978-1-4614-7048-9; 978-1-4614-7049-6},
  mrclass = {65-03 (01A75 33-03 65D30)},
  mrnumber = {3309120}
}

@book{Gautschi14c,
  author = {Gautschi, Walter},
  title = {Walter {G}autschi. {S}elected works with commentaries. {V}ol. 3},
  series = {Contemporary Mathematicians},
  note = {Edited by Claude Brezinski and Ahmed Sameh},
  publisher = {Birkh\"auser/Springer, New York},
  year = {2014},
  pages = {xii+767},
  isbn = {978-1-4614-7131-8; 978-1-4614-7132-5},
  mrclass = {65-03 (01A75 33-03 65Lxx)},
  mrnumber = {3309121}
}

@book{Gautschi16,
  author = {Gautschi, Walter},
  title = {Orthogonal polynomials in {MATLAB}},
  series = {Software, Environments, and Tools},
  volume = {26},
  note = {Exercises and solutions},
  publisher = {Society for Industrial and Applied Mathematics (SIAM), Philadelphia, PA},
  year = {2016},
  pages = {ix+335},
  isbn = {978-1-61197-430-0; 978-1-61197-429-4},
  mrclass = {33-01 (33-04 33C45 65D20 68W30)},
  mrnumber = {3509205}
}

@book{Glasserman03,
  author = {Glasserman, P.},
  publisher = {Springer},
  series = {Applications of Mathematics},
  title = {Monte Carlo methods in financial engineering},
  year = {2003}
}

@book{GourierouxJasiak01,
  title = {Financial econometrics: Problems, models, and methods},
  author = {Gourieroux, Ch. and Jasiak, J.},
  volume = {1},
  isbn = {9780691088723},
  year = {2001},
  publisher = {{P}rinceton {U}niversity press, {P}rinceton, {NJ}}
}

@book{Gulisashvili12,
  author = {Gulisashvili, Archil},
  title = {Analytically tractable stochastic stock price models},
  series = {Springer Finance},
  publisher = {Springer, Heidelberg},
  year = {2012},
  pages = {xviii+359},
  isbn = {978-3-642-31213-7; 978-3-642-31214-4},
  mrclass = {91-02 (60H30 91B25 91G20 91G80)},
  mrnumber = {2976192},
  mrreviewer = {Volkert Paulsen},
  doi = {10.1007/978-3-642-31214-4},
  url = {https://doi.org/10.1007/978-3-642-31214-4}
}

@book{Hajek99,
  author = {H\'{a}jek, J. and \v{S}id\'{a}k, Z. and Sen, P. K.},
  fauthor = {H\'{a}jek, Jaroslav and \v{S}id\'{a}k, Zbyn\v{e}k and Sen, Pranab K.},
  title = {Theory of rank tests},
  series = {Probability and Mathematical Statistics},
  edition = {Second},
  publisher = {Academic Press, Inc.},
  address = {San Diego, CA},
  year = {1999},
  pages = {xiv+435},
  isbn = {0-12-642350-4}
}

@book{Hanson07,
  author = {Hanson, F. B.},
  title = {Applied stochastic processes and control for jump-diffusions},
  isbn = {9780898716337},
  nonote = {Modeling, analysis, and computation},
  pages = {xxx+443},
  publisher = {SIAM, Philadelphia, PA},
  series = {Advances in Design and Control},
  volume = {13},
  mrnumber = {2380957},
  mrclass = {60-01 (60H10 60H35 60J60 60J75 93E20)},
  year = {2007}
}

@book{Hull06,
  author = {Hull, J. C.},
  isbn = {978-0-13-197705-1},
  publisher = {Pearson Prentice Hall},
  title = {Options, Futures, and Other Derivatives},
  year = {2006}
}

@book{Ikeda89,
  author = {Ikeda, N. and Watanabe, S.},
  isbn = {9784062032315},
  lccn = {89212869},
  publisher = {North-Holland},
  series = {Kodansha scientific books},
  title = {Stochastic differential equations and diffusion processes},
  year = {1989}
}

@book{KaratzasShreve91,
  author = {Karatzas, I.A. and Shreve, S.E.},
  isbn = {9780387976556},
  publisher = {Springer London, Limited},
  series = {Graduate Texts in Mathematics Series},
  title = {Brownian motion and stochastic calculus},
  year = {1991}
}

@book{KienitzWetterau12,
  author = {Kienitz, J. and Wetterau, D.},
  isbn = {9781118413319},
  lccn = {2012029238},
  publisher = {Wiley},
  series = {The Wiley Finance Series},
  title = {Financial modelling: Theory, implementation and practice with {MATLAB} source},
  year = {2012}
}

@book{Kloeden92,
  author = {Kloeden, P.E. and Platen, E.},
  isbn = {9783540540625},
  publisher = {Springer},
  series = {Applications of Mathematics Series},
  title = {Numerical Solution of Stochastic Differential Equations},
  year = {1992}
}

@book{Krylov62,
  author = {Krylov, V. I.},
  fauthor = {Krylov, Vladimir Ivanovich},
  title = {Approximate calculation of integrals},
  series = {Translated by Arthur H. Stroud},
  publisher = {The Macmillan Co., New York-London, 1962},
  year = {1962},
  pages = {x+357},
  mrclass = {65.55},
  mrnumber = {0144464},
  mrreviewer = {P. C. Hammer}
}

@book{Levy48,
  author = {L\'{e}vy, P.},
  title = {Processus stochastiques et mouvement brownien},
  publisher = {{G}authier-{V}illars},
  year = {1948},
  isbn = {9782876470910},
  edition = {2nd},
  note = {1965 reprinted edition}
}

@book{Lewis00,
  author = {Lewis, A. L.},
  title = {Option valuation under stochastic volatility: With {M}athematica code},
  publisher = {Finance Press, Newport Beach, CA},
  isbn = {9780967637204},
  isbn10 = {0-9676372-0-1},
  pages = {viii+350},
  year = {2000},
  mrclass = {91B28},
  mrnumber = {1742310 (2000m:91068)}
}

@book{Lewis16,
  author = {Lewis, Alan L.},
  title = {Option Valuation Under Stochastic Volatility {II}: With {M}athematica code},
  publisher = {Finance Press, Newport Beach, CA},
  isbn = {978-0-9676372-1-1},
  isbn10 = {0-9676372-1-X},
  pages = {viii+737},
  year = {2016},
  mrclass = {91-02 (60H30 60J75 62P05 65Cxx 65Mxx 91B70 91G20)},
  mrnumber = {3526206}
}

@book{Liptser89,
  author = {Liptser, R. and Shiryayev, A.N.},
  isbn = {9780792303954},
  publisher = {Springer},
  series = {Mathematics and its Applications},
  title = {Theory of Martingales},
  year = {1989}
}

@book{Lo02,
  author = {Lo, A.W. and MacKinlay, A.C.},
  isbn = {9780691092560},
  lccn = {98031390},
  publisher = {Princeton University Press},
  title = {A Non-Random Walk Down Wall Street},
  year = {2002}
}

@book{Lowenstein01,
  author = {Lowenstein, R.},
  isbn = {9780375506444},
  publisher = {Random House Publishing Group},
  title = {When Genius Failed: The Rise and Fall of Long-Term Capital Management},
  year = {2001}
}

@book{Mishura08,
  author = {Mishura, Y.S.},
  fauthor = {Mishura, Yuliya S.},
  title = {Stochastic calculus for fractional {B}rownian motion and related processes},
  series = {Lecture Notes in Mathematics},
  volume = {1929},
  publisher = {Springer-Verlag, Berlin},
  year = {2008},
  pages = {xviii+393},
  isbn = {978-3-540-75872-3},
  mrclass = {60G15 (60-02 60H05 60H10 62M09 62M20 62P05 91B28)},
  mrnumber = {2378138},
  mrreviewer = {Ivan Nourdin},
  doi = {10.1007/978-3-540-75873-0}
}

@book{Musiela05,
  fauthor = {Musiela, Marek and Rutkowski, Marek},
  author = {Musiela, M. and Rutkowski, M.},
  title = {Martingale methods in financial modelling},
  series = {Stochastic Modelling and Applied Probability},
  volume = {36},
  edition = {Second},
  publisher = {Springer-Verlag, Berlin},
  year = {2005},
  pages = {xvi+636},
  isbn = {3-540-20966-2},
  mrclass = {91-02 (60G42 60G44 91B28)},
  mrnumber = {2107822},
  mrreviewer = {Ludger Overbeck}
}

@book{Nualart,
  fauthor = {Nualart, David},
  author = {Nualart, D.},
  title = {The Malliavin Calculus and Related Topics},
  edition = {Second},
  publisher = {Springer-Verlag, Berlin},
  year = {1995},
  isbn = {978-3-540-28328-7}
}

@book{Pascucci11,
  fauthor = {Pascucci, Andrea},
  author = {Pascucci, A.},
  title = {P{DE} and martingale methods in option pricing},
  series = {Bocconi \& Springer Series},
  volume = {2},
  publisher = {Springer, Milan; Bocconi University Press, Milan},
  year = {2011},
  pages = {xviii+719},
  isbn = {978-88-470-1780-1},
  mrclass = {91-02 (35K10 60G44 60G51 60H30 65-02 91G20 91G60 91G80)},
  mrnumber = {2791231},
  mrreviewer = {Johan Tysk},
  doi = {10.1007/978-88-470-1781-8},
  nourl = {http://dx.doi.org/10.1007/978-88-470-1781-8}
}

@book{PieglTiller2012,
  author = {Piegl, L. and Tiller, W.},
  fauthor = {Piegl, Les and Tiller, Wayne},
  title = {The NURBS book},
  isbn = {978-3-540-61545-3},
  publisher = {Springer},
  address = {Berlin},
  year = {2012}
}

@book{Press07,
  author = {Press, William H. and Teukolsky, Saul A. and Vetterling, William T. and Flannery, Brian P.},
  title = {Numerical recipes},
  edition = {Third},
  note = {The art of scientific computing},
  publisher = {Cambridge University Press, Cambridge},
  year = {2007},
  pages = {xxii+1235},
  isbn = {978-0-521-88068-8},
  mrclass = {65-00 (65-04)},
  mrnumber = {2371990}
}

@book{Rebonato99,
  author = {Rebonato, R.},
  isbn = {9780471899983},
  publisher = {Wiley},
  series = {Wiley Series in Financial Engineering},
  title = {Volatility and Correlation: In the Pricing of Equity, FX and Interest-Rate Options},
  year = {1999}
}

@book{Rebonato05,
  author = {Rebonato, R.},
  isbn = {9780470091401},
  publisher = {Wiley},
  series = {The Wiley Finance Series},
  title = {Volatility and Correlation: The Perfect Hedger and the Fox},
  year = {2005}
}

@book{Reid72,
  author = {Reid, W.T.},
  isbn = {9780125862509},
  lccn = {72182636},
  publisher = {Academic Press},
  series = {Mathematics in science and engineering : a series of monographs and textbooks},
  title = {Riccati Differential Equations},
  year = {1972}
}

@book{Ross96,
  author = {Ross, Sheldon M.},
  title = {Stochastic processes},
  series = {Wiley Series in Probability and Statistics: Probability and Statistics},
  edition = {Second},
  publisher = {John Wiley \& Sons, Inc., New York},
  year = {1996},
  pages = {xvi+510},
  isbn = {0-471-12062-6},
  mrclass = {60-01 (60Jxx 60Kxx)},
  mrnumber = {1373653}
}

@book{Rouah13,
  author = {Rouah, F. D.},
  title = {The Heston Model and its Extensions in Matlab and C\#, + Website},
  isbn = {9781118548257},
  publisher = {John Wiley \& Sons, Inc.},
  address = {Hoboken, NJ},
  series = {Wiley Finance Series},
  year = {2013}
}

@book{Saltelli08,
  title = {Global Sensitivity Analysis: The Primer},
  author = {Saltelli, A. and Ratto, M. and Andres, T. and Campolongo, F. and Cariboni, J. and Gatelli, D. and Saisana, M. and Tarantola, S.},
  isbn = {9780470725177},
  nourl = {https://books.google.cz/books?id=wAssmt2vumgC},
  year = {2008},
  publisher = {Wiley},
  address = {Chichester}
}

@book{Saltelli04,
  title = {Sensitivity analysis in practice: a guide to assessing scientific models},
  author = {Saltelli, A. and Tarantola, S. and Campolongo, F. and Ratto, M.},
  year = {2004},
  publisher = {Wiley},
  address = {Chichester}
}

@book{Schoenmakers97,
  author = {Schoenmakers, J.G.M. and Kloeden, P.E.},
  publisher = {Technische Univ.},
  series = {Reports of the Faculty of Technical Mathematics and Informatics},
  title = {Robust option replication for a {B}lack-{S}choles model extended with nondeterministic trends},
  year = {1997}
}

@book{Shreve04,
  address = {New York},
  author = {Shreve, S. E.},
  publisher = {Springer-Verlag},
  series = {Springer Finance},
  title = {Stochastic calculus for finance. {II}},
  year = {2004}
}

@book{Stoer02,
  author = {Stoer, J. and Bulirsch, R.},
  title = {Introduction to numerical analysis},
  series = {Texts in Applied Mathematics},
  volume = {12},
  edition = {Third},
  nonote = {Translated from the German by R. Bartels, W. Gautschi and C. Witzgall},
  publisher = {Springer-Verlag, New York},
  year = {2002},
  pages = {xvi+744},
  isbn = {0-387-95452-X},
  mrclass = {65-01},
  mrnumber = {1923481},
  doi = {10.1007/978-0-387-21738-3},
  nourl = {http://dx.doi.org/10.1007/978-0-387-21738-3}
}

@book{Takayasu13,
  title = {Empirical science of financial fluctuations: The advent of econophysics},
  author = {Takayasu, H.},
  isbn = {9784431669937},
  year = {2013},
  publisher = {Springer Japan}
}

@book{Taleb10,
  author = {Taleb, N.N.},
  isbn = {9780679604181},
  lccn = {2010292618},
  publisher = {Random House Publishing Group},
  title = {The Black Swan: Second Edition: The Impact of the Highly Improbable Fragility},
  year = {2010}
}

@book{Taylor86,
  title = {Modelling financial time series},
  author = {Taylor, S. J.},
  isbn = {9780471909934},
  lccn = {85031498},
  year = {1986},
  publisher = {John Wiley \& Sons},
  address = {Chichester, West Sussex}
}

@book{Trangenstein13,
  author = {Trangenstein, J. A.},
  fauthor = {Trangenstein, John A.},
  title = {Numerical solution of elliptic and parabolic partial differential equations},
  publisher = {Cambridge University Press, Cambridge},
  year = {2013},
  pages = {xxx+635},
  isbn = {978-1-107-04383-1; 978-0-521-87726-8},
  mrclass = {65-01 (35J25 35K20 65Mxx 65Nxx)},
  mrnumber = {3155242},
  mrreviewer = {Jason M. Graham},
  nonote = {With 1 CD-ROM (Unix/Linux and Macintosh)},
  doi = {10.1017/CBO9781139025508},
  nourl = {http://dx.doi.org/10.1017/CBO9781139025508}
}

@inproceedings{Vives16,
  author = {Vives, J.},
  fauthor = {Vives, Josep},
  editor = {Eddahbi, M'hamed and Essaky, El Hassan and Vives, Josep},
  title = {Decomposition of the Pricing Formula for Stochastic Volatility Models Based on {M}alliavin-{S}korohod Type Calculus},
  booktitle = {Statistical Methods and Applications in Insurance and Finance: CIMPA School, Marrakech and El Kelaa M'gouna, Morocco, April 2013},
  publisher = {Springer},
  fpublisher = {Springer International Publishing},
  address = {Cham},
  isbn = {978-3-319-30417-5},
  pages = {103--123},
  year = {2016},
  doi = {10.1007/978-3-319-30417-5_4},
  nourl = {https://link.springer.com/chapter/10.1007/978-3-319-30417-5_4}
}

@book{Wilmott07a,
  author = {Wilmott, P.},
  edition = {2},
  publisher = {Wiley-Interscience},
  title = {Paul Wilmott introduces quantitative finance},
  year = {2007}
}

@book{Wilmott07b,
  author = {Wilmott, P.},
  isbn = {9780470060773},
  publisher = {John Wiley \& Sons},
  title = {Paul {W}ilmott on quantitative finance},
  year = {2007}
}

@book{Woolfson08,
  author = {Woolfson, M. M.},
  isbn = {1-84816-032-1},
  printing = {1st edition},
  publisher = {Imperial College Press},
  title = {Everyday probability and statistics},
  year = {2008}
}

@book{Zumbach13book,
  author = {Zumbach, Gilles},
  title = {Discrete time series, processes, and applications in finance},
  series = {Springer Finance},
  publisher = {Springer, Heidelberg},
  year = {2013},
  pages = {xxii+319},
  isbn = {978-3-642-31741-5; 978-3-642-31742-2},
  mrclass = {62M10 (62P05 91-02 91B70 91G80)},
  mrnumber = {2977848},
  doi = {10.1007/978-3-642-31742-2},
  url = {http://dx.doi.org/10.1007/978-3-642-31742-2}
}

@incollection{Hout16,
  author = {in't Hout, Karel and Toivanen, Jari},
  editor = {Glowinski, Roland and Osher, Stanley J. and Yin, Wotao},
  title = {Application of Operator Splitting Methods in Finance},
  booktitle = {Splitting Methods in Communication, Imaging, Science, and Engineering},
  publisher = {Springer International Publishing},
  address = {Cham},
  pages = {541--575},
  year = {2016},
  isbn = {978-3-319-41589-5},
  mrnumber = {3617574},
  mrclass = {65J08 (60H30 91B25 91G20)},
  nourl = {https://link.springer.com/chapter/10.1007/978-3-319-41589-5_16},
  doi = {10.1007/978-3-319-41589-5_16}
}

@book{Oksendal03,
  author = {{\O}ksendal, B.},
  title = {Stochastic differential equations: An introduction with applications},
  isbn13 = {9783540047582},
  isbn = {3-540-04758-1},
  lccn = {2007923169},
  publisher = {Springer-Verlag},
  address = {Berlin},
  series = {Universitext},
  year = {2003}
}

