@article{BGM,
author = {Benhamou, E. and Gobet, E. and Miri, M.},
year = {2010},
month = {06},
pages = {603-634},
title = {Expansion formulas for European options in a local volatility model},
volume = {13},
journal = {International Journal of Theoretical and Applied Finance (IJTAF)},
doi = {10.1142/S0219024910005887}
}



@article{Hagan20,
author = {Hagan, P. and Lesniewski, A. and Skoufis, G. and Woodward, D.},
title = {Convexity without replication},
journal = {Wilmott},
volume = {2020},
number = {105},
pages = {58-69},
keywords = {CMS, replication, convexity corrections, SABR},
doi = {https://doi.org/10.1002/wilm.10820},
url = {https://onlinelibrary.wiley.com/doi/abs/10.1002/wilm.10820},
eprint = {https://onlinelibrary.wiley.com/doi/pdf/10.1002/wilm.10820},
year = {2020}
}

@article{Andreasen01,
author = {Andreasen, J.},
year = {2001},
month = {06},
pages = {},
title = {Turbo Charging the Cheyette Model},
journal = {SSRN Electronic Journal},
doi = {10.2139/ssrn.1719142}
}


@article{Cheyette,
author = {Cheyette, O.},
year = {2001},
month = {03},
pages = {},
title = {Markov Representation of the {H}eath-{J}arrow-{M}orton Model},
journal = {Working paper, BARRA},
doi = {10.2139/ssrn.6073}
}

@article{PiterbargRenedo,
author = {Piterbarg, V. and Renedo, M.},
year = {2006},
month = {01},
pages = {71-94},
title = {Eurodollar futures convexity adjustments in stochastic volatility models},
volume = {9},
journal = {The Journal of Computational Finance},
doi = {10.21314/JCF.2006.154}
}

@article{Hart,
author = {Hart, Y.},
year = {1997},
pages = {54-55},
title = {Unifying Theory},
journal = {RISK}
}

@article{Benhamou00,
  title={A Martingale Result for Convexity Adjustment in the Black Pricing Model},
  author={Benhamou, E. },
  journal={Journal of Financial Abstracts eJournal},
  year={2000}
}

@article{Benhamou00WC,
  title={Pricing Convexity Adjustment with Wiener Chaos},
  author={Benhamou, E.},
  journal={Derivatives eJournal},
  year={2000}
}

@article{BrothertonIben,
author = {Brotherton-Ratcliffe, R. and Iben, B.},
year = {1993},
pages = {400-450},
title = {Advanced Strategies in Financial Risk Management},
journal = {New York Institute of Finance}
}

@article{KirikosNovak,
author = {Kirikos, G. and Novak, D. },
year = {1997},
month = {03},
pages = {60-61},
title = {Convexity Conundrums},
volume = {10},
journal = {Risk Magazine}
}

@article{Pelsser,
author = {Pelsser, A.},
year = {2001},
month = {05},
pages = {59-65},
title = {Mathematical foundation of convexity correction},
volume = {3},
journal = {Quantitative Finance},
doi = {10.2139/ssrn.267995}
}

@article{HaganWoodward20,
author = {Hagan, P. and Woodward, D.},
year = {2020},
month = {06},
title = {An end to replication},
journal = {Preprint}
}

@article{Hagan03,
author = {Hagan, P.},
year = {2003},
month = {03},
pages = {38-45},
title = {Convexity Conundrums: Pricing CMS Swaps, Caps and Floors},
volume = {2003},
journal = {Wilmott},
doi = {10.1002/wilm.42820030211}
}

@article{Flesaker,
author = {Flesaker, B.},
title = {Arbitrage free pricing of interest rate futures and forward contracts},
journal = {Journal of Futures Markets},
volume = {13},
number = {1},
pages = {77-91},
doi = {https://doi.org/10.1002/fut.3990130108},
url = {https://onlinelibrary.wiley.com/doi/abs/10.1002/fut.3990130108},
eprint = {https://onlinelibrary.wiley.com/doi/pdf/10.1002/fut.3990130108},
year = {1993}
}

@article{RitchkenS,
author = {Ritchken, P. and Sankarasubramanian, L.},
title = {Averaging and Deferred Payment Yield Agreements},
journal = {The Journal of Futures Markets},
volume = {13},
number = {1},
pages = {23-41},
year = {1993}
}


@article{Algieri,
  author={Algieri, B.},
  title={{A Journey Through the History of Commodity Derivatives Markets and the Political Economy of (De)Regulation}},
  year=2018,
  month=Dec,
  institution={University of Bonn, Center for Development Research (ZEF)},
  type={Discussion Papers},
  url={https://ideas.repec.org/p/ags/ubzefd/281139.html},
  number={281139},
    keywords={Agricultural Finance; Financial Economics; Institutional and Behavioral Economics},
  doi={10.22004/ag.econ.281139},
}



@article{CoxRossRubinstein,
title = {Option pricing: A simplified approach},
journal = {Journal of Financial Economics},
volume = {7},
number = {3},
pages = {229-263},
year = {1979},
issn = {0304-405X},
doi = {https://doi.org/10.1016/0304-405X(79)90015-1},
author = {Cox, J.C. and Ross, S. A. and Rubinstein, M.},
}



@article{HLSS,
title = {Oxford-man institute’s realized library, version 0.3},
journal = {Oxford-Man Institute, University of Oxford.},
volume = {version 0.3},
year = {2009},
url = {https://realized.oxford-man.ox.ac.uk/},
author = {Heber, G. and Lunde, A. and Shepard, N. and Sheppard, K.}
}


@article{Black76,
title = {The pricing of commodity contracts},
journal = {Journal of Financial Economics},
volume = {3},
number = {1},
pages = {167-179},
year = {1976},
issn = {0304-405X},
doi = {https://doi.org/10.1016/0304-405X(76)90024-6},
url = {https://www.sciencedirect.com/science/article/pii/0304405X76900246},
author = {Black, F.}
}


@article{Garmankohlagen,
title = {Foreign currency option values},
journal = {Journal of International Money and Finance},
volume = {2},
number = {3},
pages = {231-237},
year = {1983},
issn = {0261-5606},
doi = {https://doi.org/10.1016/S0261-5606(83)80001-1},
url = {https://www.sciencedirect.com/science/article/pii/S0261560683800011},
author = {Garman, M. B. and Kohlhagen, S. W. }
}





@article{FigueroaForde12,
author = {Figueroa-L\'opez, J. and and Forde, M.},
title = {The Small-Maturity Smile for Exponential {L}évy Models},
journal = {SIAM Journal on Financial Mathematics},
volume = {3},
number = {1},
pages = {33-65},
year = {2012},
doi = {10.1137/110820658}
}

@article{Sprenkel,
author = {Sprenkel, C.},
title = {Warrant Prices as Indications of Expectations},
journal = {Yale Economic Essays},
volume = {1},
pages = {179-232},
year = {1961}
}


@article{Figueroa14,
author = {Figueroa-L\'opez and J. and Luo, Y. and Ouyang, C.},
doi = {10.3150/13-BEJ518},
fjournal = {Bernoulli},
journal = {Bernoulli},
month = {08},
number = {3},
pages = {1165--1209},
publisher = {Bernoulli Society for Mathematical Statistics and Probability},
title = {Small-time expansions for local jump-diffusion models with infinite jump activity},
url = {https://doi.org/10.3150/13-BEJ518},
volume = {20},
year = {2014}
}

@article{Figueroa17,
author = {Figueroa-L\'opez, J. and Gong, R. and Houdr\'e, C.},
title = {Third-order short-time expansions for close-to-the-money option prices under the {CGMY} model},
journal = {Applied Mathematical Finance},
volume = {24},
number = {6},
pages = {547-574},
year  = {2017},
publisher = {Routledge},
doi = {10.1080/1350486X.2018.1429935}
}


@article{Figueroa16,
author = {Figueroa-L\'opez, J. and Gong, R. and Houdr\'e, C.},
title = {HIGH-ORDER SHORT-TIME EXPANSIONS FOR ATM OPTION PRICES OF EXPONENTIAL {L}éVY MODELS},
journal = {Mathematical Finance},
volume = {26},
number = {3},
pages = {516-557},
keywords = {exponential Lévy models, CGMY and tempered stable models, short-time asymptotics, at-the-money option pricing, implied volatility},
doi = {https://doi.org/10.1111/mafi.12064},
url = {https://onlinelibrary.wiley.com/doi/abs/10.1111/mafi.12064},
eprint = {https://onlinelibrary.wiley.com/doi/pdf/10.1111/mafi.12064},
year = {2016}
}

@article{FigueroaOlafsson16,
author = {Figueroa-L\'opez, J. and \'Olafsson, S.},
year = {2016},
month = {01},
pages = {},
title = {Short-Time Expansions for Close-to-the-Money Options under a {L}évy Jump Model with Stochastic Volatility},
volume = {20},
journal = {Finance and Stochastics},
doi = {10.1007/s00780-015-0281-z}
}


@article{Figueroa12,
title = {Small-time expansions of the distributions, densities, and option prices of stochastic volatility models with {L}évy jumps},
journal = {Stochastic Processes and their Applications},
volume = {122},
number = {4},
pages = {1808 - 1839},
year = {2012},
issn = {0304-4149},
doi = {https://doi.org/10.1016/j.spa.2012.01.013},
url = {http://www.sciencedirect.com/science/article/pii/S0304414912000221},
author = {Figueroa-L\'opez, J. and Gong, R. and Houdr\'e, C.}
}

@article {Willard45,
	author = {Willard, G. A.},
	title = {Calculating Prices and Sensitivities for Path-Independent Derivatives Securities in Multifactor Models},
	volume = {5},
	number = {1},
	pages = {45--61},
	year = {1997},
	doi = {10.3905/jod.1997.407982},
	publisher = {Institutional Investor Journals Umbrella},
	issn = {1074-1240},
	URL = {https://jod.pm-research.com/content/5/1/45},
	eprint = {https://jod.pm-research.com/content/5/1/45.full.pdf},
	journal = {The Journal of Derivatives}
}

@article{Lorig17,
author = {Lorig, M. and Pagliarani, S. and Pascucci, A.},
title = {Explicit implied volatilities for multifactor local-stochastic volatility models},
journal = {Mathematical Finance},
volume = {27},
number = {3},
pages = {926-960},
keywords = {implied volatility, local-stochastic volatility, CEV, Heston, SABR},
doi = {10.1111/mafi.12105},
eprint = {https://onlinelibrary.wiley.com/doi/pdf/10.1111/mafi.12105},
abstract = {We consider an asset whose risk-neutral dynamics are described by a general class of local-stochastic volatility models and derive a family of asymptotic expansions for European-style option prices and implied volatilities. We also establish rigorous error estimates for these quantities. Our implied volatility expansions are explicit; they do not require any special functions nor do they require numerical integration. To illustrate the accuracy and versatility of our method, we implement it under four different model dynamics: constant elasticity of variance local volatility, Heston stochastic volatility, three-halves stochastic volatility, and SABR local-stochastic volatility.},
year = {2017}
}
%url = {https://onlinelibrary.wiley.com/doi/abs/10.1111/mafi.12105},
@article{FordeJacquierLee,
author = {Forde,M. and Jacquier, A. and Lee, R.},
title = {The small-time smile and term structure of implied volatility under the {H}eston model},
journal = {SIAM Journal of Financial Mathematics},
volume = {3},
number = {1},
pages = {690-708},
doi = {https://doi.org/10.1137/110830241},
year = {2012}
}

@article{Rubinstein,
  author = {Rubinstein, M.},
  title = {Implied binomial trees},
  journal = {Journal of Finance},
	volume = {69},
	pages = {771-818},	
	year = {1994}
}

@article{Dupire,
  author = {Dupire, B.},
  title = {Pricing with a smile},
  journal = {Risk},
	volume = {7},
  number = {1},
	pages = {18-20},	
	year = {1994}
}

@article{DermanKani,
  author = {Derman, E. and Kani, I.},
  title = {Riding on a Smile},
  journal = {Risk},
	volume = {7},
  number = {2},
	pages = {32-39},	
	year = {1994}
}

@article{Johnson79,
  author = {Johnson, H. E.},
  title = {Option Pricing When the Variance Is Changing},
  journal = {Graduate School of Management. Working Paper.},
	volume = {11},
  year = {1979}
}

@article{JohnsonShanno85,
  author = {Johnson, H. E. and Shanno, D.},
  title = {Option Pricing When the Variance is Changing},
  journal = { Graduate School of Administration. Working Paper.},
	volume = {07},
  year = {1985}
}



@article{Osborne59,
  author = {Osborne, M.F.M.},
  title = {Brownian Motion in the stock Market},
  journal = {Operations Research},
	volume = {7},
  number = {2},
	pages = {145-173},
  year = {1959},
  nourl = {http://m.e-m-h.org/Osbo59.pdf}
}

@article{Kendall53,
  author = {Kendall, M.G.},
  title = {The Analysis of Economic Time-Series—Part {I}: Prices},
  journal = {Journal of the Royal Statistical Society. Series A (General)},
  volume = {116},
  number = {1},
  pages = {11–25},
  year = {1953},
  nourl = {http://m.e-m-h.org/KeHi53.pdf}
}

@article{Aboulaich13a,
  author = {Aboulaich, R. and Baghery, F. and Jraifi, A.},
  title = {Numerical approximation for options pricing of a stochastic volatility jump-diffusion model},
  journal = {Int. J. Appl. Math. Stat.},
  fjournal = {International Journal of Applied Mathematics \& Statistics},
  issn = {0973-1377},
  e-issn = {0973-7545},
  volume = {50},
  number = {20},
  pages = {68-82},
  year = {2013},
  mrclass = {91G60 (91G20)},
  mrnumber = {3180166},
  optnote = {We have just abstract},
  nourl = {http://www.ceser.in/ceserp/index.php/ijamas/article/view/1279}
}

@article{Aboulaich13b,
  author = {Aboulaich, R. and Baghery, F. and Jraifi, A.},
  title = {Option pricing for a stochatic volatility jump-diffusion model},
  journal = {Int. J. Math. Stat.},
  fjournal = {International Journal of Mathematics and Statistics},
  issn = {0974-7117},
  e-issn = {0973-8347},
  volume = {13},
  number = {1},
  pages = {1--19},
  year = {2013},
  mrclass = {91G20 (35K10 35R25 60J75 65M60)},
  mrnumber = {3021494},
  nourl = {http://ceser.in/ceserp/index.php/ijms/article/view/3085}
}

@article{Achdou04,
  author = {Achdou, Y. and Indragoby, G. and Pironneau, O.},
  title = {Volatility calibration with {A}merican options},
  journal = {Methods Appl. Anal.},
  fjournal = {Methods and Applications of Analysis},
  issn = {1073-2772},
  volume = {11},
  number = {4},
  pages = {533--556},
  year = {2004},
  mrclass = {91B28 (35R60 60H10 60H30)},
  mrnumber = {2195369},
  mrreviewer = {Erik Ekstr{\"o}m},
  nourl = {http://projecteuclid.org/euclid.maa/1144939946}
}

@article{Achdou02,
  author = {Achdou, Y. and Pironneau, O.},
  title = {Volatility smile by multilevel least square},
  journal = {Int. J. Theor. Appl. Finance},
  fjournal = {International Journal of Theoretical and Applied Finance},
  publisher = {World Scientific},
  issn = {0219-0249},
  e-issn = {1793-6322},
  volume = {5},
  number = {6},
  pages = {619--643},
  year = {2002},
  doi = {10.1142/S0219024902001602},
  nourl = {http://dx.doi.org/10.1142/S0219024902001602},
  mrclass = {91B28 (65M32 90C90)},
  mrnumber = {1931308}
}

@article{Achdou07,
  author = {Achdou, Y. and Pironneau, O.},
  title = {Finite element methods for option pricing},
  journal = {Universit{\'e} Pierre et Marie Curie},
  year = {2007}
}

@article{AitSahlia10a,
  author = {AitSahlia, F. and Goswami, M. and Guha, S.},
  fauthor = {AitSahlia, Farid and Goswami, Manisha and Guha, Suchandan},
  title = {American option pricing under stochastic volatility: an efficient numerical approach},
  journal = {Comput. Manag. Sci.},
  fjournal = {Computational Management Science},
  year = {2010},
  volume = {7},
  number = {2},
  pages = {171--187},
  issn = {1619-697X},
  e-issn = {1619-6988},
  mrclass = {91G60 (62P05 91G20)},
  mrnumber = {2602978},
  doi = {10.1007/s10287-008-0082-3},
  nourl = {http://dx.doi.org/10.1007/s10287-008-0082-3}
}

@article{AitSahlia10b,
  author = {AitSahlia, F. and Goswami, M. and Guha, S.},
  fauthor = {AitSahlia, Farid and Goswami, Manisha and Guha, Suchandan},
  title = {American option pricing under stochastic volatility: an empirical evaluation},
  journal = {Comput. Manag. Sci.},
  fjournal = {Computational Management Science},
  year = {2010},
  volume = {7},
  number = {2},
  pages = {189--206},
  issn = {1619-697X},
  e-issn = {1619-6988},
  mrclass = {91G20 (62P05 91G70)},
  mrnumber = {2602979},
  doi = {10.1007/s10287-008-0083-2},
  nourl = {http://dx.doi.org/10.1007/s10287-008-0083-2}
}


@article{Alos08,
  author = {Al\`os, E. and Le\'on, J. A. and Pontier, M. and Vives, J.},
  fauthor = {Al\`os, Elisa and Le\'on, Jorge A. and Pontier, Monique and Vives, Josep},
  title = {A {H}ull and {W}hite formula for a general stochastic volatility jump-diffusion model with applications to the study of the short-time behavior of the implied volatility},
  journal = {J. Appl. Math. Stoch. Anal.},
  fjournal = {Journal of Applied Mathematics and Stochastic Analysis. JAMSA},
  publisher = {Hindawi},
  issn = {1048-9533},
  year = {2008},
  pages = {Art. ID 359142, 17},
  doi = {10.1155/2008/359142},
  nourl = {https://www.hindawi.com/journals/ijsa/2008/359142}
}

@article{Alos00,
  author = {Al\`os, E. and Mazet, O. and Nualart, D.},
  title = {Stochastic calculus with respect to fractional {B}rownian motion with {H}urst parameter lesser than {$\frac 12$}},
  journal = {Stochastic Process. Appl.},
  fjournal = {Stochastic Processes and their Applications},
  issn = {0304-4149},
  volume = {86},
  number = {1},
  pages = {121--139},
  year = {2000},
  mrnumber = {1741199},
  mrclass = {60H05},
  doi = {10.1016/S0304-4149(99)00089-7},
  nourl = {http://www.sciencedirect.com/science/article/pii/S0304414999000897}
}

@article{Alos01,
  author = {Al\`os, Elisa and Mazet, Olivier and Nualart, David},
  title = {Stochastic calculus with respect to {G}aussian processes},
  journal = {Ann. Probab.},
  fjournal = {The Annals of Probability},
  issn = {0091-1798},
  volume = {29},
  number = {2},
  pages = {766--801},
  year = {2001},
  mrnumber = {1849177},
  mrclass = {60H07 (60H05)},
  mrreviewer = {Mich\`ele Mastrangelo-Dehen},
  doi = {10.1214/aop/1008956692},
  nourl = {https://projecteuclid.org/euclid.aop/1008956692}
}

@article{Alos20,
  author = {Al\`os, E. and Gatheral, J. and Radoi\v{c}i\'{c}, R.},
  title = {Exponentiation of Conditional Expectations Under Stochastic Volatility},
  journal = {Quantitative Finance},
  year = {2020},
  number = {1},
  pages = {12-27},
  publisher = {Routledge},
  doi = {10.1080/14697688.2019.1642506}
}



@article{Albrecher07,
  author = {Albrecher, H. and Mayer, P. and Schoutens, W. and Tistaert, J.},
  title = {The little {H}eston trap},
  journal = {Wilmott Magazine},
  fjournal = {Wilmott Magazine},
  volume = {2007},
  number = {January/February},
  pages = {83--92},
  year = {2007}
}

@article{Alfonsi10,
  author = {Alfonsi, A.},
  title = {High order discretization schemes for the {CIR} process: {A}pplication to affine term structure and {H}eston models},
  journal = {Math. Comp.},
  fjournal = {Mathematics of Computation},
  publisher = {Amer. Math. Soc.},
  issn = {0025-5718},
  volume = {79},
  number = {269},
  pages = {209--237},
  year = {2010},
  doi = {10.1090/S0025-5718-09-02252-2},
  nourl = {http://www.ams.org/journals/mcom/2010-79-269/S0025-5718-09-02252-2}
}

@article{Almendral05,
  author = {Almendral, A. and Oosterlee, C. W.},
  fauthor = {Almendral, Ariel and Oosterlee, Cornelis W.},
  title = {Numerical valuation of options with jumps in the underlying},
  journal = {Appl. Num. Math.},
  fjournal = {Applied Numerical Mathematics},
  issn = {0168-9274},
  volume = {53},
  number = {1},
  pages = {1--18},
  year = {2005},
  doi = {10.1016/j.apnum.2004.08.037},
  nourl = {http://www.sciencedirect.com/science/article/pii/S0168927404001539}
}

@incollection{Alziary12,
  author = {Alziary, B. and Tak{\'a}{\v{c}}, P.},
  title = {Option pricing for stocks with dividends: an analytic approach by {PDE}s},
  booktitle = {A special tribute to {P}rofessor {M}onique {M}adaune-{T}ort},
  series = {Monogr. Real Acad. Ci. Exact. F\'\i s.-Qu\'\i m. Nat. Zaragoza, 38},
  publisher = {Acad. Cienc. Exact. F\'\i s. Qu\'\i m. Nat. Zaragoza, Zaragoza},
  year = {2012},
  pages = {125--136},
  mrclass = {35K10 (35B65 35Q91 91G20)},
  mrnumber = {3346312}
}

@article{Alos06,
  author = {Al{\`o}s, E.},
  fauthor = {Al{\`o}s, Elisa},
  title = {A generalization of the {H}ull and {W}hite formula with applications to option pricing approximation},
  journal = {Finance Stoch.},
  fjournal = {Finance and Stochastics},
  publisher = {Springer},
  issn = {0949-2984},
  e-issn = {1432-1122},
  volume = {10},
  number = {3},
  pages = {353--365},
  year = {2006},
  mrclass = {60H30 (60H07 91B28 91B70)},
  mrnumber = {2244350},
  mrreviewer = {Christian Bender},
  doi = {10.1007/s00780-006-0013-5},
  nourl = {http://dx.doi.org/10.1007/s00780-006-0013-5}
}

@article{Alos12,
  author = {Al{\`o}s, E.},
  fauthor = {Al{\`o}s, Elisa},
  title = {A decomposition formula for option prices in the {H}eston model and applications to option pricing approximation},
  journal = {Finance Stoch.},
  fjournal = {Finance and Stochastics},
  publisher = {Springer},
  issn = {0949-2984},
  e-issn = {1432-1122},
  volume = {16},
  number = {3},
  pages = {403--422},
  year = {2012},
  doi = {10.1007/s00780-012-0177-0},
  nourl = {https://link.springer.com/article/10.1007/s00780-012-0177-0}
}

@article{Alos15,
  author = {Al{\`o}s, E. and de Santiago, R. and Vives, J.},
  title = {Calibration of stochastic volatility models via second-order approximation: The {H}eston case},
  journal = {Int. J. Theor. Appl. Finance},
  fjournal = {International Journal of Theoretical and Applied Finance},
  publisher = {World Scientific},
  issn = {0219-0249},
  e-issn = {1793-6322},
  volume = {18},
  number = {6},
  pages = {1--31},
  year = {2015},
  doi = {10.1142/S0219024915500363},
  nourl = {http://www.worldscientific.com/doi/abs/10.1142/S0219024915500363}
}

@article{Alos19,
  title = {Target volatility option pricing in lognormal fractional {SABR} model},
  author = {Al{\`{o}}s, E. and Chatterjee, R. and Tudor, S. and Wang, T.-H.},
  fauthor = {Al{\`{o}}s, Elisa and Chatterjee, Rupak and Tudor, Sebastian and Wang, Tai-Ho},
  journal = {Quant. Finance},
  fjournal = {Quantitative Finance},
  publisher = {Routledge},
  issn = {1469-7688},
  e-issn = {1469-7696},
  volume = {0},
  number = {0},
  pages = {1-18},
  year  = {2019},
  arxiv = {1801.08215},
  doi = {10.1080/14697688.2019.1574021},
  note = {In press.}
}

@article{Alos07,
  author = {Al{\`{o}}s, E. and Le{\'{o}}n, J. A. and Vives, J.},
  title = {On the short-time behavior of the implied volatility for jump-diffusion models with stochastic volatility},
  journal = {Finance Stoch.},
  fjournal = {Finance and Stochastics},
  publisher = {Springer},
  issn = {0949-2984},
  e-issn = {1432-1122},
  year = {2007},
  volume = {11},
  number = {4},
  pages = {571--589},
  doi = {10.1007/s00780-007-0049-1},
  nourl = {https://link.springer.com/article/10.1007/s00780-007-0049-1}
}

@article{AlosEwald,
 ISSN = {00018678},
 URL = {http://www.jstor.org/stable/20443574},
 abstract = {We prove that the Heston volatility is Malliavin differentiable under the classical Novikov condition and give an explicit expression for the derivative. This result guarantees the applicability of Malliavin calculus in the framework of the Heston stochastic volatility model. Furthermore, we derive conditions on the parameters which assure the existence of the second Malliavin derivative of the Heston volatility. This allows us to apply recent results of Alòs (2006) in order to derive approximate option pricing formulae in the context of the Heston model. Numerical results are given.},
 author = {Al{\`{o}}s, E. and Ewald, C.O.},
 journal = {Advances in Applied Probability},
 number = {1},
 pages = {144--162},
 publisher = {Applied Probability Trust},
 title = {Malliavin Differentiability of the {H}eston Volatility and Applications to Option Pricing},
 volume = {40},
 year = {2008},
 doi={10.2307/20443574}
}

@article{Alos17,
  author = {Al{\`{o}}s, E. and Yang, Y.},
  fauthor = {Al{\`{o}}s, Elisa and Yang, Yan},
  title = {A fractional {H}eston model with {$H > 1/2$}},
  journal = {Stochastics},
  fjournal = {Stochastics. An International Journal of Probability and Stochastic Processes},
  publisher = {Taylor \& Francis},
  issn = {1744-2508},
  e-issn = {1744-2516},
  volume = {89},
  number = {1},
  pages = {384-399},
  year = {2017},
  doi = {10.1080/17442508.2016.1218496},
  nourl = {http://www.tandfonline.com/doi/abs/10.1080/17442508.2016.1218496}
}

@article{Andersen08,
  author = {Andersen, L.},
  title = {Simple and efficient simulation of the {H}eston stochastic volatility model},
  journal = {J. Comput. Finance},
  fjournal = {Journal of Computational Finance},
  publisher = {Incisive Media},
  issn = {1460-1559},
  e-issn = {1755-2850},
  volume = {11},
  number = {3},
  pages = {1--42},
  year = {2008},
  doi = {10.21314/JCF.2008.189},
  nourl = {http://www.risk.net/journal-computational-finance/2160370/simple-and-efficient-simulation-heston-stochastic-volatility}
}

@article{Andersen05,
  author = {Andersen, L. B. and Brotherton-Ratcliffe, R.},
  title = {Extended {LIBOR} market models with stochastic volatility},
  journal = {J. Comput. Finance},
  fjournal = {Journal of Computational Finance},
  publisher = {Incisive Media},
  issn = {1460-1559},
  e-issn = {1755-2850},
  volume = {9},
  number = {1},
  pages = {1--40},
  year = {2005},
  doi = {10.21314/JCF.2005.127},
  nourl = {http://www.risk.net/journal-computational-finance/2160448/extended-libor-market-models-stochastic-volatility}
}

@article{Asai12,
  author = {Asai, Manabu and McAleer, Michael and Medeiros, Marcelo C.},
  title = {Modelling and forecasting noisy realized volatility},
  journal = {Comput. Statist. Data Anal.},
  fjournal = {Computational Statistics \& Data Analysis},
  volume = {56},
  year = {2012},
  number = {1},
  pages = {217--230},
  issn = {0167-9473},
  mrclass = {62P05 (62M10 91G70)},
  mrnumber = {2833049 (2012h:62387)},
  doi = {10.1016/j.csda.2011.06.024},
  url = {http://dx.doi.org/10.1016/j.csda.2011.06.024}
}

@article{AtiyaWall09,
  title = {An analytic approximation of the likelihood function for the {H}eston model volatility estimation problem},
  author = {Atiya, A. F. and Wall, S.},
  journal = {Quant. Finance},
  fjournal = {Quantitative Finance},
  publisher = {Taylor \& {F}rancis},
  issn = {1469-7688},
  e-issn = {1469-7696},
  volume = {9},
  number = {3},
  pages = {289--296},
  year = {2009},
  doi = {10.1080/14697680802595601},
  nourl = {http://www.tandfonline.com/doi/full/10.1080/14697680802595601}
}

@unpublished{Attari04,
  author = {Attari, M.},
  title = {Option Pricing Using {F}ourier Transforms: A Numerically Efficient Simplification},
  year = {2004},
  doi = {10.2139/ssrn.520042},
  note = {Available at SSRN: \url{http://ssrn.com/abstract=520042}}
}

@phdthesis{Bachelier1900thesis,
  author = {Bachelier, L.},
  title = {Th\'{e}orie de la Sp\'{e}culation},
  school = {Paris: Gauthier-Villars},
  year = {1900}
}

@article{Bachelier1900,
  author = {Bachelier, L.},
  title = {Th\'{e}orie de la Sp\'{e}culation},
  journal = {Ann. Sci. Ec. Norm. Super.},
  fjournal = {Annales Scientifiques de l’École Normale Supérieure},
  volume = {3},
  number = {17},
  pages = {21--86},
  year = {1900},
  nourl = {http://archive.numdam.org/article/ASENS_1900_3_17__21_0.pdf}
}

@article{Bailey12,
  author = {Bailey, D. H. and Barrio, R. and Borwein, J. M.},
  title = {High-precision computation: mathematical physics and dynamics},
  journal = {Appl. Math. Comput.},
  fjournal = {Applied Mathematics and Computation},
  year = {2012},
  volume = {218},
  number = {20},
  pages = {10106--10121},
  issn = {0096-3003},
  mrclass = {65Y04 (68M07)},
  mrnumber = {2921767},
  doi = {10.1016/j.amc.2012.03.087},
  nourl = {http://dx.doi.org/10.1016/j.amc.2012.03.087}
}

@article{Bailey11,
  author = {Bailey, D. H. and Borwein, J. M.},
  fauthor = {Bailey, David H. and Borwein, Jonathan M.},
  title = {High-precision numerical integration: progress and challenges},
  journal = {J. Symbolic Comput.},
  fjournal = {Journal of Symbolic Computation},
  year = {2011},
  volume = {46},
  number = {7},
  pages = {741--754},
  issn = {0747-7171},
  mrclass = {65D30 (65Y05 68W30)},
  mrnumber = {2795208},
  mrreviewer = {G. A. Evans},
  doi = {10.1016/j.jsc.2010.08.010},
  nourl = {http://dx.doi.org/10.1016/j.jsc.2010.08.010}
}

@article{Bailey15,
  author = {Bailey, D. H. and Borwein, J. M.},
  fauthor = {Bailey, David H. and Borwein, Jonathan M.},
  title = {{High-Precision Arithmetic in Mathematical Physics}},
  journal = {Mathematics},
  issn = {2227-7390},
  year = {2015},
  month = {may},
  volume = {3},
  number = {2},
  pages = {337--367},
  publisher = {Multidisciplinary Digital Publishing Institute},
  doi = {10.3390/math3020337},
  nourl = {http://www.mdpi.com/2227-7390/3/2/337/htm}
}

@article{Bailey10,
  author = {Bailey, D. H. and Borwein, J. M. and Crandall, R. E.},
  fauthor = {Bailey, David H. and Borwein, Jonathan M. and Crandall, Richard E.},
  title = {Advances in the theory of box integrals},
  journal = {Math. Comp.},
  fjournal = {Mathematics of Computation},
  volume = {79},
  year = {2010},
  number = {271},
  pages = {1839--1866},
  issn = {0025-5718},
  mrclass = {11Y60 (65D30)},
  mrnumber = {2630017},
  mrreviewer = {Michael J. Evans},
  doi = {10.1090/S0025-5718-10-02338-0},
  nourl = {http://dx.doi.org/10.1090/S0025-5718-10-02338-0}
}

@article{Bailey05a,
  author = {Bailey, D. H. and Jeyabalan, K. and Li, X. S.},
  fauthor = {Bailey, David H. and Jeyabalan, Karthik and Li, Xiaoye S.},
  title = {A comparison of three high-precision quadrature schemes},
  journal = {Experiment. Math.},
  fjournal = {Experimental Mathematics},
  year = {2005},
  volume = {14},
  number = {3},
  pages = {317--329},
  issn = {1058-6458},
  mrclass = {65D30},
  mrnumber = {2172710},
  doi = {10.1080/10586458.2005.10128931},
  nourl = {http://projecteuclid.org/euclid.em/1128371757},
  nourl = {http://www.tandfonline.com/doi/abs/10.1080/10586458.2005.10128931}
}

@article{Bailey91,
  author = {Bailey, D. H. and Swarztrauber, P. N.},
  fauthor = {Bailey, David H. and Swarztrauber, Paul N.},
  title = {The fractional {F}ourier transform and applications},
  journal = {SIAM Rev.},
  fjournal = {SIAM Review. A Publication of the Society for Industrial and Applied Mathematics},
  volume = {33},
  year = {1991},
  number = {3},
  pages = {389--404},
  issn = {0036-1445},
  mrclass = {65T20 (65Y20 94A12)},
  mrnumber = {1124359},
  mrreviewer = {Manfred Tasche},
  doi = {10.1137/1033097},
  nourl = {http://dx.doi.org/10.1137/1033097}
}

@article{Bailey94,
  author = {Bailey, D. H. and Swarztrauber, P. N.},
  fauthor = {Bailey, David H. and Swarztrauber, Paul N.},
  title = {A fast method for the numerical evaluation of continuous {F}ourier and {L}aplace transforms},
  journal = {SIAM J. Sci. Comput.},
  fjournal = {SIAM Journal on Scientific Computing},
  volume = {15},
  year = {1994},
  number = {5},
  pages = {1105--1110},
  issn = {1064-8275},
  mrclass = {65T20 (65R10)},
  mrnumber = {1289155},
  mrreviewer = {Vasily A. Chernecky},
  doi = {10.1137/0915067},
  nourl = {http://dx.doi.org/10.1137/0915067}
}

@article{Bailey05g,
  author = {Bailey, David H. and Borwein, Jonathan M.},
  title = {Experimental mathematics: examples, methods and implications},
  journal = {Notices Amer. Math. Soc.},
  fjournal = {Notices of the American Mathematical Society},
  year = {2005},
  volume = {52},
  number = {5},
  pages = {502--514},
  issn = {0002-9920},
  mrclass = {00A35},
  mrnumber = {2140093},
  nourl = {http://www.ams.org/notices/200505/fea-borwein.pdf}
}

@article{Bakshi97,
  author = {Bakshi, G. and Cao, C. and Chen, Z.},
  fauthor = {Bakshi, Gurdip and Cao, Charles and Chen, Zhiwu},
  title = {Empirical performance of alternative option pricing models},
  journal = {J. Finance},
  fjournal = {The Journal of Finance},
  publisher = {Blackwell Publishing Ltd for the American Finance Association},
  issn = {1540-6261},
  volume = {52},
  number = {5},
  pages = {2003--2049},
  year = {1997},
  doi = {10.1111/j.1540-6261.1997.tb02749.x},
  nourl = {http://onlinelibrary.wiley.com/doi/10.1111/j.1540-6261.1997.tb02749.x/full}
}

@article{BallRoma94,
  author = {Ball, C. A. and Roma, A.},
  fauthor = {Ball, Clifford A. and Roma, Antonio},
  title = {Stochastic Volatility Option Pricing},
  journal = {J. Finan. Quant. Anal.},
  fjournal = {Journal of Financial and Quantitative Analysis},
  publisher = {Cambridge University Press},
  issn = {0022-1090},
  e-issn = {1756-6916},
  volume = {29},
  number = {4},
  pages = {589–607},
  year = {1994},
  doi = {10.2307/2331111},
  nourl = {http://www.jstor.org/stable/2331111}
}

@article{BannorScherer13,
  author = {Bann\"{o}r, K. F. and Scherer, M.},
  title = {A {BNS}-Type Stochastic Volatility Model With Two-Sided Jumps With Applications to {FX} Options Pricing},
  journal = {Wilmott},
  fjournal = {Wilmott},
  publisher = {John Wiley \& Sons, Ltd.},
  issn = {1541-8286},
  volume = {2013},
  number = {65},
  pages = {58--69},
  year = {2013},
  doi = {10.1002/wilm.10217},
  nourl = {http://onlinelibrary.wiley.com/doi/10.1002/wilm.10217/full}
}

@article{BarndorffNielsen14,
  author = {Barndorff-Nielsen, O. E. and Benth, F. E. and Pedersen, J. and Veraart, A. E. D.},
  title = {On stochastic integration for volatility modulated {L}\'evy-driven {V}olterra processes},
  journal = {Stochastic Process. Appl.},
  fjournal = {Stochastic Processes and their Applications},
  volume = {124},
  year = {2014},
  number = {1},
  pages = {812--847},
  issn = {0304-4149},
  mrclass = {60H05 (60H07 60J75)},
  mrnumber = {3131315},
  doi = {10.1016/j.spa.2013.09.007},
  nourl = {http://dx.doi.org/10.1016/j.spa.2013.09.007}
}

@article{BarndorffNielsen01,
  author = {Barndorff-Nielsen, O. E. and Shephard, N.},
  title = {Non-{G}aussian {O}rnstein--{U}hlenbeck-based models and some of their uses in financial economics},
  journal = {J. R. Stat. Soc. Ser. B. Stat. Methodol.},
  fjournal = {Journal of the Royal Statistical Society: Series B (Statistical Methodology)},
  publisher = {Wiley},
  issn = {1467-9868},
  volume = {63},
  number = {2},
  pages = {167--241},
  year = {2001},
  doi = {10.1111/1467-9868.00282},
  mrclass = {62M07 (62M09 62M10 62P20)},
  mrnumber = {1841412},
  nourl = {http://onlinelibrary.wiley.com/doi/10.1111/1467-9868.00282/full}
}

@article{BarndorffNielsen06,
  author = {Barndorff-Nielsen, O. E. and Shephard, N.},
  title = {Econometrics of Testing for Jumps in Financial Economics Using Bipower Variation},
  journal = {J. Financ. Econometrics},
  fjournal = {Journal of Financial Econometrics},
  publisher = {Oxford University Press},
  issn = {1479-8409},
  e-issn = {1479-8417},
  volume = {4},
  number = {1},
  pages = {1-30},
  year = {2006},
  doi = {10.1093/jjfinec/nbi022},
  nourl = {https://academic.oup.com/jfec/article-lookup/doi/10.1093/jjfinec/nbi022}
}

@article{Bates96,
  fauthor = {Bates, David S.},
  author = {Bates, D. S.},
  title = {Jumps and Stochastic Volatility: Exchange Rate Processes Implicit in {D}eutsche Mark Options},
  fjournal = {Review of Financial Studies},
  journal = {Rev. Financ. Stud.},
  doi = {10.1093/rfs/9.1.69},
  nourl = {http://rfs.oxfordjournals.org/content/9/1/69.abstract},
  number = {1},
  pages = {69-107},
  volume = {9},
  year = {1996}
}

@article{Bayer15,
  title = {Pricing under rough volatility},
  author = {Bayer, C. and Friz, P. and Gatheral, J.},
  journal = {Quant. Finance},
  fjournal = {Quantitative Finance},
  publisher = {Taylor \& {F}rancis},
  issn = {1469-7688},
  e-issn = {1469-7696},
  volume = {16},
  number = {6},
  pages = {887-904},
  year = {2016},
  doi = {10.1080/14697688.2015.1099717},
  nourl = {http://www.tandfonline.com/doi/full/10.1080/14697688.2015.1099717}
}

@article{Beckers80,
  author = {Beckers, S.},
  journal = {The Journal of Finance},
  number = {3},
  title = {The Constant Elasticity of Variance Model and Its Implications For Option Pricing},
  volume = {35},
  year = {1980}
}


@article{Bender06,
  author = {Bender, C. and Sottinen, T. and Valkeila, E.},
  journal = {Theory of Stochastic Processes},
  number = {3--4},
  title = {Arbitrage with fractional brownian motion?},
  volume = {12},
  year = {2006}
}

@article{Bender08,
  author = {Bender, C. and Sottinen, T. and Valkeila, E.},
  fauthor = {Bender, Christian and Sottinen, Tommi and Valkeila, Esko},
  title = {Pricing by hedging and no-arbitrage beyond semimartingales},
  journal = {Finance Stoch.},
  fjournal = {Finance and Stochastics},
  publisher = {Springer},
  issn = {0949-2984},
  e-issn = {1432-1122},
  volume = {12},
  number = {4},
  pages = {441--468},
  year = {2008},
  doi = {10.1007/s00780-008-0074-8},
  nourl = {https://link.springer.com/article/10.1007/s00780-008-0074-8}
}

@article{Benhamou10,
  author = {Benhamou, E. and Gobet, E. and Miri, M.},
  title = {Time dependent {H}eston model},
  journal = {SIAM J. Finan. Math.},
  fjournal = {SIAM Journal on Financial Mathematics},
  publisher = {SIAM},
  issn = {1945-497X},
  volume = {1},
  number = {1},
  pages = {289--325},
  year = {2010},
  doi = {10.1137/090753814},
  nourl = {http://epubs.siam.org/doi/abs/10.1137/090753814}
}

@unpublished{Bennedsen16,
  title = {Decoupling the short-and long-term behavior of stochastic volatility},
  author = {Bennedsen, M. and Lunde, A. and Pakkanen, M.},
  year = {2016},
  arxiv = {1610.00332},
  note = {Available at arXiv: \url{https://arxiv.org/abs/1610.00332}}
}

@article{Bennedsen17,
  author = {Bennedsen, M. and Lunde, A. and Pakkanen, M.},
  title = {Hybrid scheme for {B}rownian semistationary processes},
  journal = {Finance Stoch.},
  fjournal = {Finance and Stochastics},
  volume = {21},
  year = {2017},
  number = {4},
  pages = {931--965},
  issn = {0949-2984},
  mrclass = {60G12 (60G22 62M09 65C30 91G60)},
  mrnumber = {3723378},
  doi = {10.1007/s00780-017-0335-5},
  nourl = {https://link.springer.com/article/10.1007/s00780-017-0335-5}
}

@article{Bergomi04,
  title = {Smile dynamics},
  author = {Bergomi, L.},
  fauthor = {Bergomi, Lorenzo},
  journal = {Risk Magazine},
  volume = {17},
  number = {9},
  pages = {117--123},
  year = {2004},
  note = {Also available at SSRN: \url{http://ssrn.com/abstract=1493294}}
}

@article{Bergomi05,
  title = {Smile dynamics {II}},
  author = {Bergomi, L.},
  fauthor = {Bergomi, Lorenzo},
  journal = {Risk Magazine},
  volume = {18},
  number = {10},
  pages = {67--73},
  year = {2005},
  note = {Also available at SSRN: \url{http://ssrn.com/abstract=1493302}}
}

@article{Bergomi08,
  title = {Smile dynamics {III}},
  author = {Bergomi, L.},
  fauthor = {Bergomi, Lorenzo},
  journal = {Risk Magazine},
  volume = {21},
  number = {10},
  pages = {90--96},
  year = {2008},
  note = {Also available at SSRN: \url{http://ssrn.com/abstract=1493308}}
}

@article{Bergomi09,
  title = {Smile dynamics {IV}},
  author = {Bergomi, L.},
  fauthor = {Bergomi, Lorenzo},
  journal = {Risk Magazine},
  volume = {22},
  number = {12},
  pages = {94-100},
  year = {2009},
  note = {Also available at SSRN: \url{http://ssrn.com/abstract=1520443}}
}

@article{BergomiGuyon12,
  author = {Bergomi, L. and Guyon, J.},
  fauthor = {Bergomi, Lorenzo and Guyon, Julien},
  title = {Stochastic volatility's orderly smiles},
  journal = {Risk},
  publisher = {Incisive Media Limited},
  volume = {25},
  number = {5},
  pages = {60},
  year = {2012},
  nourl = {http://www.risk.net/derivatives/2171452/stochastic-volatilitys-orderly-smiles}
}

@article{Bianchetti15,
  author = {Bianchetti, M. and Kucherenko, S. and Scoleri, S.},
  fauthor = {Bianchetti, Marco and Kucherenko, Sergei and Scoleri, Stefano},
  title = {Pricing and Risk Management with High-Dimensional Quasi {M}onte {C}arlo and Global Sensitivity Analysis},
  journal = {Wilmott},
  publisher = {John Wiley \& Sons, Ltd},
  issn = {1541-8286},
  volume = {2015},
  number = {78},
  pages = {46--70},
  year = {2015},
  doi = {10.1002/wilm.10434},
  nourl = {http://onlinelibrary.wiley.com/doi/10.1002/wilm.10434/full}
}

@article{BlackScholes73,
  author = {Black, F. S. and Scholes, M. S.},
  title = {The pricing of options and corporate liabilities},
  journal = {J. Polit. Econ.},
  fjournal = {Journal of Political Economy},
  year = {1973},
  month = {May-June},
  volume = {81},
  number = {3},
  pages = {637--654},
  doi = {10.1086/260062},
  nourl = {http://www.journals.uchicago.edu/doi/abs/10.1086/260062},
  issn = {0022-3808},
  e-issn = {1537-534X}
}

@article{Blanchet06,
  title = {On the regularity of the free boundary in the parabolic obstacle problem. Application to American options},
  author = {Blanchet, Adrien},
  journal = {Nonlinear Analysis: Theory, Methods \& Applications},
  volume = {65},
  number = {7},
  pages = {1362--1378},
  year = {2006},
  publisher = {Elsevier}
}

@article{Bollerslev92,
  author = {Bollerslev, T. and Chou, R. Y. and Kroner, K. F.},
  title = {{ARCH} modeling in finance: A review of the theory and empirical evidence},
  journal = {J. Econometrics},
  fjournal = {Journal of Econometrics},
  publisher = {Elsevier},
  issn = {0304-4076},
  volume = {52},
  number = {1-2},
  pages = {5--59},
  year = {1992},
  doi = {10.1016/0304-4076(92)90064-X},
  nourl = {https://www.sciencedirect.com/science/article/pii/030440769290064X}
}

@article{BollerslevMikkelsen96,
  author = {Bollerslev, T. and Mikkelsen, O. H.},
  title = {Modeling and pricing long memory in stock market volatility},
  journal = {J. Econometrics},
  fjournal = {Journal of Econometrics},
  publisher = {Elsevier},
  issn = {0304-4076},
  volume = {73},
  number = {1},
  pages = {151-184},
  year = {1996},
  doi = {https://doi.org/10.1016/0304-4076(95)01736-4},
  nourl = {https://www.sciencedirect.com/science/article/pii/0304407695017364}
}

@article{BondarenkoMastorakis04,
  author = {Bondarenko, J. and Mastorakis, N.},
  journal = {WSEAS Transaction on Mathematics},
  pages = {737--743},
  title = {Solution of partial differential equation for the option price by means the modified parametrix method},
  vol = {3},
  year = {2004}
}

@incollection{BoxmaYechiali07,
  address = {New York},
  author = {Boxma, O. and Yechiali, U.},
  booktitle = {Encyclopedia of Statistics in Quality and Reliability},
  editor = {F. Ruggeri, R.S. Kenett and Faltin, F.W.},
  publisher = {Wiley},
  title = {Poisson processes, ordinary and compound},
  year = {2007}
}

@article{BoyarchenkoLevendorskii14,
  author = {Boyarchenko, S. and Levendorskii, S.},
  year = {2014},
  title = {Efficient variations of the {F}ourier transform in applications to option pricing},
  journal = {J. Comput. Finance},
  fjournal = {Journal of Computational Finance},
  publisher = {Incisive Media},
  issn = {1460-1559},
  e-issn = {1755-2850},
  volume = {18},
  number = {2},
  pages = {57--90},
  issn = {1460-1559},
  doi = {10.21314/jcf.2014.277},
  nourl = {http://www.risk.net/journal-of-computational-finance/technical-paper/2386135/efficient-variations-of-the-fourier-transform-in-applications-to-option-pricing}
}

@article{Breidt98,
  author = {Breidt, F. Jay and Crato, Nuno and de Lima, Pedro},
  title = {The detection and estimation of long memory in stochastic volatility},
  journal = {J. Econometrics},
  fjournal = {Journal of Econometrics},
  publisher = {Elsevier},
  issn = {0304-4076},
  number = {1--2},
  pages = {325-348},
  volume = {83},
  year = {1998},
  doi = {10.1016/S0304-4076(97)00072-9},
  nourl = {http://www.sciencedirect.com/science/article/pii/S0304407697000729}
}

@article{Breymann96,
  author = {Breymann, W. and Dodge, Y. and Ghashghaie, S. and Peinke, J. and Talkner, P.},
  doi = {10.1038/381767a0},
  journal = {Nature},
  nourl = {http://dx.doi.org/10.1038/381767a0},
  number = {6585},
  pages = {767-770},
  title = {Turbulent cascades in foreign exchange markets},
  volume = {381},
  year = {1996},
  bdsk-url-1 = {http://dx.doi.org/10.1038/381767a0}
}

@article{BroadieKaya06,
  author = {Broadie, M. and Kaya, {\"O}.},
  title = {Exact simulation of stochastic volatility and other affine jump diffusion processes},
  journal = {Oper. Res.},
  fjournal = {Operations Research},
  volume = {54},
  number = {2},
  pages = {217--231},
  year = {2006},
  doi = {10.1287/opre.1050.0247},
  nourl = {http://pubsonline.informs.org/doi/abs/10.1287/opre.1050.0247},
  issn = {0030-364X},
  e-issn = {1526-5463}
}

@article{BrockLima96,
  title = {Nonlinear time series, complexity theory, and finance},
  author = {Brock, W. A. and De Lima, P. J. F.},
  journal = {Handbook of Statistics},
  volume = {14},
  pages = {317--361},
  year = {1996},
  publisher = {Elsevier}
}

@article{Campolongo06,
  author = {Campolongo, F. and Cariboni, J. and Schoutens, W.},
  title = {The importance of jumps in pricing {E}uropean options},
  journal = {Reliab. Eng. Syst. Safe.},
  fjournal = {Reliability Engineering \& System Safety},
  issn = {0951-8320},
  publisher = {Elsevier},
  volume = {91},
  number = {10},
  pages = {1148--1154},
  year = {2006},
  doi = {10.1016/j.ress.2005.11.016},
  nourl = {http://www.sciencedirect.com/science/article/pii/S0951832005002267}
}

@article{CarrMadan99,
  author = {Carr, P. and Madan, D. B.},
  title = {Option Valuation Using the Fast {F}ourier Transform},
  journal = {J. Comput. Finance},
  fjournal = {Journal of Computational Finance},
  publisher = {Incisive Media},
  issn = {1460-1559},
  e-issn = {1755-2850},
  year = {1999},
  volume = {2},
  number = {4},
  pages = {61--73},
  doi = {10.21314/JCF.1999.043},
  nourl = {http://www.risk.net/journal-of-computational-finance/technical-paper/2160495/option-valuation-fast-fourier-transform}
}

@article{CarrWu03,
  author = {Carr, P. and Wu, L.},
  title = {What Type of Process Underlies Options? {A} Simple Robust Test},
  journal = {The Journal of Finance},
  volume = {58},
  number = {6},
  publisher = {Blackwell Publishing Inc},
  issn = {1540-6261},
  nourl = {http://dx.doi.org/10.1046/j.1540-6261.2003.00616.x},
  doi = {10.1046/j.1540-6261.2003.00616.x},
  pages = {2581--2610},
  year = {2003}
}

@unpublished{ChanJoshi10,
  author = {Chan, J. H. and Joshi, M.},
  fauthor = {Chan, Jiun Hong and Joshi, Mark},
  title = {Fast and accurate long stepping simulation of the {H}eston stochastic volatility model},
  year = {2010},
  doi = {10.2139/ssrn.1617187},
  note = {Available at SSRN: \url{https://ssrn.com/abstract=1617187}}
}

@article{Chan16,
  author = {Chan, Ron Tat Lung},
  title = {Adaptive Radial Basis Function Methods for Pricing Options Under Jump-Diffusion Models},
  journal = {Comput. Econ.},
  fjournal = {Computational Economics},
  issn = {1572-9974},
  volume = {47},
  number = {4},
  pages = {623--643},
  year = {2016},
  doi = {10.1007/s10614-016-9563-6},
  nourl = {https://link.springer.com/article/10.1007/s10614-016-9563-6}
}

@article{Cheridito01,
  author = {Cheridito, P.},
  journal = {Bernoulli},
  number = {6},
  pages = {913--934},
  title = {Mixed fractional Brownian motion},
  volume = {7},
  year = {2001}
}

@article{Cheridito03,
  author = {Cheridito, P.},
  journal = {Finance \& Stochastics},
  number = {4},
  pages = {533--553},
  title = {Arbitrage with fractional Brownian motion models},
  volume = {7},
  year = {2003}
}

@article{Cheridito03b,
  author = {Cheridito, P. and Kawaguchi, H. and Maejima, M.},
  fauthor = {Cheridito, Patrick and Kawaguchi, Hideyuki and Maejima, Makoto},
  title = {Fractional Ornstein-Uhlenbeck processes},
  fjournal = {Electronic Journal of Probability},
  journal = {Electron. J. Probab.},
  publisher = {The Institute of Mathematical Statistics and the Bernoulli Society},
  issn = {1083-6489},
  e-issn = {1083-6489},
  volume = {8},
  number = {3},
  pages = {14 p.},
  year = {2003},
  publisher = {The Institute of Mathematical Statistics and the Bernoulli Society},
  doi = {10.1214/EJP.v8-125},
  url = {http://projecteuclid.org/euclid.ejp/1464037576}
}

@article{Chernov03,
  author = {Chernov, M. and Gallant, A. R. and Ghysels, E. and Tauchen, G.},
  title = {Alternative models for stock price dynamics},
  journal = {J. Econometrics},
  fjournal = {Journal of Econometrics},
  volume = {116},
  year = {2003},
  number = {1-2},
  pages = {225--257},
  issn = {0304-4076},
  coden = {JECMB6},
  mrclass = {Database Expansion Item},
  mrnumber = {2011152},
  doi = {10.1016/S0304-4076(03)00108-8},
  nourl = {http://dx.doi.org/10.1016/S0304-4076(03)00108-8}
}

@article{ChesneyScott89,
  author = {Chesney, M. and Scott, L.},
  fauthor = {Marc Chesney and Louis Scott},
  title = {Pricing European currency options: A comparison of the modified Black-Scholes model and a random variance model},
  ftitle = {Pricing European Currency Options: A Comparison of the Modified Black- Scholes Model and a Random Variance Model},
  journal = {J. Financ. Quant. Anal.},
  fjournal = {The Journal of Financial and Quantitative Analysis},
  volume = {24},
  number = {3},
  year = {1989},
  pages = {267--284},
  doi = {10.2307/2330812},
  nourl = {http://www.jstor.org/stable/2330812},
  issn = {0022-1090},
  e-issn = {1756-6916}
}

@phdthesis{Chin11,
  author = {Chin, S. S.},
  school = {The University of Melbourne},
  title = {Stochastic volatility model and option pricing},
  year = {2011}
}

@article{ChinDufresne2012,
  title = {A general formula for option prices in a stochastic volatility model},
  author = {Chin, S. and Dufresne, D.},
  journal = {Appl. Math. Finance},
  fjournal = {Applied Mathematical Finance},
  publisher = {Taylor \& Francis},
  issn = {1350-486X},
  e-issn = {1466-4313},
  volume = {19},
  number = {4},
  pages = {313--340},
  year = {2012},
  doi = {10.1080/1350486X.2011.624823},
  nourl = {http://www.tandfonline.com/doi/full/10.1080/1350486X.2011.624823}
}

@article{ChristaraLeung16,
  author = {Christara, C. C. and Leung, N. C.-H.},
  fauthor = {Christara, Christina C. and Leung, Nat Chun-Ho},
  title = {Option pricing in jump diffusion models with quadratic spline collocation},
  journal = {Appl. Math. Comput.},
  fjournal = {Applied Mathematics and Computation},
  year = {2016},
  volume = {279},
  pages = {28--42},
  issn = {0096-3003},
  mrclass = {91G20 (91G60 91G80)},
  mrnumber = {3458004},
  doi = {10.1016/j.amc.2015.12.045},
  nourl = {http://dx.doi.org/10.1016/j.amc.2015.12.045}
}

@article{Christoffersen09,
  author = {Christoffersen, P. and Heston, S. and Jacobs, K.},
  title = {The shape and term structure of the index option smirk: Why multifactor stochastic volatility models work so well},
  journal = {Manage. Sci.},
  fjournal = {Management Science},
  publisher = {Institute for Operations Research and the Management Sciences (INFORMS)},
  address = {Hannover, MD},
  issn = {0025-1909},
  e-issn = {1526-5501},
  volume = {55},
  number = {12},
  pages = {1914--1932},
  year = {2009},
  doi = {10.1287/mnsc.1090.1065},
  nourl = {http://www.jstor.org/stable/40539255}
}

@article{Chronopoulou12,
  author = {Chronopoulou, A. and Viens, F.G.},
  fauthor = {Chronopoulou, Alexandra and Viens, Frederi G.},
  title = {Estimation and pricing under long-memory stochastic volatility},
  journal = {Ann. Finance},
  fjournal = {Annals of Finance},
  publisher = {Springer, Berlin},
  issn = {1614-2446},
  e-issn = {1614-2454},
  volume = {8},
  number = {2},
  pages = {379--403},
  year = {2012},
  doi = {10.1007/s10436-010-0156-4},
  url = {https://link.springer.com/article/10.1007/s10436-010-0156-4}
}

@article{Comte12,
  author = {Comte, F. and Coutin, L. and Renault, E.},
  title = {Affine fractional stochastic volatility models},
  journal = {Ann. Finance},
  fjournal = {Annals of Finance},
  publisher = {Springer},
  issn = {1614-2446},
  volume = {8},
  number = {2--3},
  pages = {337--378},
  year = {2012},
  nourl = {http://link.springer.com/article/10.1007/s10436-010-0165-3},
  doi = {10.1007/s10436-010-0165-3}
}

@article{ComteRenault98,
  fauthor = {Comte, Fabienne and Renault, E.},
  author = {Comte, F. and Renault, E.},
  title = {Long memory in continuous-time stochastic volatility models},
  journal = {Math. Finance},
  fjournal = {Mathematical Finance. An International Journal of Mathematics, Statistics and Financial Economics},
  publisher = {Blackwell Publishers Inc},
  issn = {0960-1627},
  e-issn = {1467-9965},
  volume = {8},
  number = {4},
  pages = {291--323},
  year = {1998},
  doi = {10.1111/1467-9965.00057},
  nourl = {http://onlinelibrary.wiley.com/doi/10.1111/1467-9965.00057/full}
}

@article{Cont01,
  author = {Cont, R.},
  fauthor = {Cont, Rama},
  title = {Empirical properties of asset returns: stylized facts and statistical issues},
  journal = {Quant. Finance},
  fjournal = {Quantitative Finance},
  publisher = {Taylor \& {F}rancis},
  issn = {1469-7688},
  e-issn = {1469-7696},
  volume = {1},
  number = {2},
  pages = {223--236},
  year = {2001},
  doi = {10.1080/713665670},
  nourl = {http://www.tandfonline.com/doi/abs/10.1080/713665670}
}

@article{ContFonseca02,
  author = {Cont, R. and Da Fonseca, J.},
  fauthor = {Cont, Rama and Da Fonseca, Jos\'{e}},
  title = {Dynamics of implied volatility surfaces},
  journal = {Quant. Finance},
  fjournal = {Quantitative Finance},
  publisher = {Taylor \& {F}rancis},
  issn = {1469-7688},
  e-issn = {1469-7696},
  volume = {2},
  number = {1},
  pages = {45--60},
  year = {2002},
  doi = {10.1088/1469-7688/2/1/304},
  nourl = {http://www.tandfonline.com/doi/abs/10.1088/1469-7688/2/1/304}
}

@incollection{Cont07,
  fauthor = {Cont, Rama and Tankov, Peter and Voltchkova, Ekaterina},
  author = {Cont, R. and Tankov, P. and Voltchkova, E.},
  title = {Hedging with options in models with jumps},
  booktitle = {Stochastic analysis and applications},
  series = {Abel Symp.},
  volume = {2},
  pages = {197--217},
  publisher = {Springer, Berlin},
  year = {2007},
  mrclass = {91B28 (60G35 60J60 60J70 60J75)},
  mrnumber = {2397788},
  mrreviewer = {Volkert Paulsen},
  doi = {10.1007/978-3-540-70847-6_8},
  nourl = {http://dx.doi.org/10.1007/978-3-540-70847-6_8}
}

@article{ContVoltchkova05b,
  fauthor = {Cont, Rama and Voltchkova, Ekaterina},
  author = {Cont, R. and Voltchkova, E.},
  title = {A finite difference scheme for option pricing in jump
              diffusion and exponential {L}\'evy models},
  journal = {SIAM J. Numer. Anal.},
  fjournal = {SIAM Journal on Numerical Analysis},
  volume = {43},
  year = {2005},
  number = {4},
  pages = {1596--1626 (electronic)},
  issn = {0036-1429},
  mrclass = {60H30 (60G51 65M06 91B28)},
  mrnumber = {2182141},
  mrreviewer = {Carlos M. Mora Gonz{\'a}lez},
  doi = {10.1137/S0036142903436186},
  nourl = {http://dx.doi.org/10.1137/S0036142903436186}
}

@article{ContVoltchkova05a,
  fauthor = {Cont, Rama and Voltchkova, Ekaterina},
  author = {Cont, R. and Voltchkova, E.},
  title = {Integro-differential equations for option prices in exponential {L}\'evy models},
  journal = {Finance Stoch.},
  fjournal = {Finance and Stochastics},
  publisher = {Springer},
  issn = {0949-2984},
  e-issn = {1432-1122},
  volume = {9},
  year = {2005},
  number = {3},
  pages = {299--325},
  mrclass = {45K05 (60G51 60J75 91B28)},
  mrnumber = {2211710},
  mrreviewer = {Sergiu Aizicovici},
  doi = {10.1007/s00780-005-0153-z},
  nourl = {http://dx.doi.org/10.1007/s00780-005-0153-z}
}

@unpublished{CornecMilch03,
  author = {Cornec, M. and Milch, B.},
  note = {Probability Theory lectures},
  nourl = {http://stat-www.berkeley.edu/users/pitman/s205s03/lecture23.pdf},
  title = {Local martingales and quadratic variation},
  year = {2003},
  annote = {Berkeley}
}

@article{Cotton04,
  author = {Cotton, P. and Fouque, J.-P. and Papanicolaou, G. and Sircar, R.},
  fauthor = {Cotton, Peter and Fouque, Jean-Pierre and Papanicolaou, George and Sircar, Ronnie},
  title = {Stochastic volatility corrections for interest rate derivatives},
  journal = {Math. Finance},
  fjournal = {Mathematical Finance. An International Journal of Mathematics, Statistics and Financial Economics},
  publisher = {Blackwell Publishers Inc},
  issn = {0960-1627},
  e-issn = {1467-9965},
  volume = {14},
  number = {2},
  pages = {173--200},
  year = {2004},
  mrclass = {91B28 (60H10 60H30)},
  mrnumber = {2046929},
  doi = {10.1111/j.0960-1627.2004.00188.x},
  nourl = {http://dx.doi.org/10.1111/j.0960-1627.2004.00188.x}
}

@article{CIR85,
  author = {Cox, J. C. and Ingersoll, J. E. and Ross, S. A.},
  title = {A theory of the term structure of interest rates},
  journal = {Econometrica},
  fjournal = {Econometrica. Journal of the Econometric Society},
  publisher = {The Econometric Society},
  issn = {0012-9682},
  e-issn = {1468-0262},
  volume = {53},
  number = {2},
  pages = {385--407},
  year = {1985},
  doi = {10.2307/1911242},
  nourl = {http://www.jstor.org/stable/1911242}
}

@article{Creel15,
  author = {Creel, M. and Kristensen, D.},
  title = {{ABC} of {SV}: {L}imited information likelihood inference in stochastic volatility jump-diffusion models },
  journal = {J. Empir. Financ.},
  fjournal = {Journal of Empirical Finance},
  publisher = {Elsevier},
  issn = {0927-5398},
  volume = {31},
  number = {},
  pages = {85--108},
  year = {2015},
  doi = {10.1016/j.jempfin.2015.01.002},
  nourl = {http://www.sciencedirect.com/science/article/pii/S0927539815000031}
}


@ARTICLE{Cox75,
  author = {Cox, J. C. },
  title = {Notes on Option Pricing {I}: Constant Elasticity of Variance Diffusions},
  journal = {The Journal of Portfolio Management},
  year = {1975},
  volume = {23},
  pages = {},
  number = {},
  address = {},
  publisher = {}
}

@article{Dang16,
  author = {Dang, D.-M. and Nguyen, D. and Sewell, G.},
  fauthor = {Dang, Duy-Minh and Nguyen, Duy and Sewell, Granwille},
  title = {Numerical schemes for pricing {A}sian options under state-dependent regime-switching jump-diffusion models },
  journal = {Comput. Math. Appl.},
  fjournal = {Computers \& Mathematics with Applications},
  publisher = {Elsevier},
  issn = {0898-1221},
  volume = {71},
  number = {1},
  pages = {443--458},
  year = {2016},
  doi = {10.1016/j.camwa.2015.12.017},
  mrnumber = {3441206},
  mrclass = {65M60 (45K05 91G20 91G60)},
  nourl = {http://www.sciencedirect.com/science/article/pii/S0898122115005854}
}

@article{DateIslyaev15,
  author = {Date, P. and Islyaev, S.},
  doi = {http://dx.doi.org/10.1016/j.ejor.2014.12.031},
  issn = {0377-2217},
  journal = {European Journal of Operational Research},
  nourl = {http://www.sciencedirect.com/science/article/pii/S0377221714010492},
  number = {2},
  pages = {599--606},
  title = {A fast calibrating volatility model for option pricing},
  volume = {243},
  year = {2015},
  bdsk-url-1 = {http://dx.doi.org/10.1016/j.ejor.2014.12.031}
}

@article{Davis14,
  author = {Davis, M. and Ob{\l}{\'o}j, J. and Raval, V.},
  fauthor = {Davis, Mark and Ob{\l}{\'o}j, Jan and Raval, Vimal},
  title = {Arbitrage bounds for prices of weighted variance swaps},
  journal = {Math. Finance},
  fjournal = {Mathematical Finance. An International Journal of Mathematics, Statistics and Financial Economics},
  publisher = {Wiley},
  issn = {0960-1627},
  e-issn = {1467-9965},
  volume = {24},
  number = {4},
  pages = {821--854},
  year = {2014},
  mrclass = {91G20},
  mrnumber = {3274933},
  doi = {10.1111/mafi.12021},
  nourl = {http://dx.doi.org/10.1111/mafi.12021}
}

@incollection{Davis08,
  author = {Davis, Mark and Ob{\l}{\'o}j, Jan},
  title = {Market completion using options},
  booktitle = {Advances in mathematics of finance},
  series = {Banach Center Publ.},
  volume = {83},
  pages = {49--60},
  publisher = {Polish Acad. Sci. Inst. Math., Warsaw},
  year = {2008},
  mrclass = {91G20 (60G44 60J60 91B70)},
  mrnumber = {2509226},
  doi = {10.4064/bc83-0-4},
  nourl = {http://dx.doi.org/10.4064/bc83-0-4}
}

@article{MarcoMartini10,
  author = {De Marco, S. and Martini, C.},
  title = {The Term Structure of Implied Volatility in Symmetric Models with Applications to {H}eston},
  journal = {Int. J. Theor. Appl. Finance},
  fjournal = {International Journal of Theoretical and Applied Finance},
  publisher = {World Scientific},
  issn = {0219-0249},
  e-issn = {1793-6322},
  volume = {15},
  number = {04},
  pages = {1250026},
  year = {2012},
  doi = {10.1142/S0219024912500264},
  nourl = {http://www.worldscientific.com/doi/abs/10.1142/S0219024912500264}
}

@article{Decreusefond99,
  author = {Decreusefond, L. and {\"U}st{\"u}nel, A.S.},
  title = {Stochastic analysis of the fractional {B}rownian motion},
  journal = {Potential Analysis},
  volume = {10},
  number = {2},
  pages = {177--214},
  issn = {1572-929X},
  year = {1999},
  doi = {10.1023/A:1008634027843}
}

@article{DeelstraDelbaen98,
  author = {Deelstra, G. and Delbaen, F.},
  title = {Convergence of discretized stochastic (interest rate) processes with stochastic drift term},
  journal = {Appl. Stoch. Models Bus. Ind.},
  fjournal = {Applied Stochastic Models in Business and Industry},
  publisher = {John Wiley \& Sons Inc.},
  issn = {1524-1904},
  e-issn = {1526-4025},
  volume = {14},
  number = {1},
  pages = {77--84},
  year = {1998},
  doi = {10/cm9jpb},
  fdoi = {10.1002/(SICI)1099-0747(199803)14:1<77::AID-ASM338>3.0.CO;2-2}
}

@article{DeelstraPetkovic10,
  author = {Deelstra, G. and Petkovic, A.},
  title = {How they can jump together: Multivariate {L}{\'e}vy processes and option pricing},
  journal = {Belgian Actuarial Bulletin},
  fjournal = {Belgian Actuarial Bulletin},
  issn = {2190-9733},
  volume = {9},
  pages = {29--42},
  year = {2010}
}

@article{DelbaenSchachermayer94,
  author = {Delbaen, F. and Schachermayer, W.},
  issn = {0025-5831},
  journal = {Mathematische Annalen},
  nourl = {http://dx.doi.org/10.1007/bf01450498},
  number = {1},
  pages = {463--520},
  publisher = {Springer Berlin / Heidelberg},
  title = {{A general version of the fundamental theorem of asset pricing}},
  volume = {300},
  year = {1994}
}

@techreport{Detlefsen06,
  author = {Detlefsen, K. and H\"{a}rdle, W.},
  fauthor = {Detlefsen, Kai and H\"{a}rdle, Wolfgang},
  title = {{Calibration Risk for Exotic Options}},
  year = 2006,
  institution = {Sonderforschungsbereich 649, Humboldt Universit\"{a}t zu Berlin, Germany},
  type = {SFB 649 Discussion Paper},
  orignote = {available at http://sfb649.wiwi.hu-berlin.de/papers/pdf/SFB649DP2006-001.pdf},
  note = {Available at SSRN: \url{http://ssrn.com/abstract=2894410}},
  number = {2006-001}
}

@article{Detlefsen07,
  author = {Detlefsen, K. and H{\"a}rdle, Wolfgang K.},
  fauthor = {Detlefsen, Kai and H{\"a}rdle, Wolfgang K.},
  title = {Calibration Risk for Exotic Options},
  journal = {J. Derivatives},
  fjournal = {The Journal of Derivatives},
  publisher = {Institutional Investor Journals Umbrella},
  issn = {1074-1240},
  volume = {14},
  number = {4},
  pages = {47--63},
  year = {2007},
  doi = {10.3905/jod.2007.686422},
  nourl = {http://jod.iijournals.com/content/14/4/47}
}

@article{Dimand12,
  author = {Dimand, R. W. and Ben-El-Mechaiekh, H.},
  fauthor = {Dimand, Robert W. and Ben-El-Mechaiekh, Hichem},
  title = {Louis {B}achelier's 1938 monograph on the calculus of speculation: {M}athematical finance and randomness of asset prices in {B}achelier's later work},
  journal = {J. Electron. Hist. Probab. Stat.},
  fjournal = {Journal Electronique d'Histoire des Probabilites et de la Statistique. Electronic Journal for History of Probability and Statistics},
  publisher = {Semin. Hist. Calcul Probab. Stat., Paris},
  issn = {1773-0074},
  year = {2012}
}

@article{Ding93,
  author = {Ding, Zhuanxin and Granger, Clive W. J. and Engle, Robert F.},
  title = {{A long memory property of stock market returns and a new model}},
  journal = {J. Empir. Financ.},
  fjournal = {Journal of Empirical Finance},
  publisher = {Elsevier},
  issn = {0927-5398},
  volume = {1},
  number = {1},
  pages = {83--106},
  year = {1993},
  doi = {10.1016/0927-5398(93)90006-D},
  nourl = {https://www.sciencedirect.com/science/article/abs/pii/092753989390006D}
}

@article{Duffie00,
  title = {Transform analysis and asset pricing for affine jump-diffusions},
  author = {Duffie, D. and Pan, J. and Singleton, K.},
  journal = {Econometrica},
  fjournal = {Econometrica. Journal of the Econometric Society},
  publisher = {The Econometric Society},
  issn = {0012-9682},
  e-issn = {1468-0262},
  volume = {68},
  number = {6},
  pages = {1343--1376},
  year = {2000},
  nourl = {http://onlinelibrary.wiley.com/doi/10.1111/1468-0262.00164/full},
  doi = {10.1111/1468-0262.00164}
}

@article{Efron79,
  author = {Efron, B.},
  title = {Bootstrap methods: another look at the jackknife},
  journal = {Ann. Statist.},
  fjournal = {The Annals of Statistics},
  volume = {7},
  year = {1979},
  number = {1},
  pages = {1--26},
  issn = {0090-5364},
  coden = {ASTSC7},
  mrclass = {62E15 (62G05 62H30 62J05)},
  mrnumber = {515681},
  mrreviewer = {B. Ya. Levit}
}

@article{Efron83,
  author = {Efron, B. and Gong, G.},
  title = {A leisurely look at the bootstrap, the jackknife, and cross-validation},
  journal = {Amer. Statist.},
  fjournal = {The American Statistician},
  volume = {37},
  year = {1983},
  number = {1},
  pages = {36--48},
  issn = {0003-1305},
  coden = {ASTAAJ},
  mrclass = {62F35 (62G05)},
  mrnumber = {694281 (84f:62051)},
  doi = {10.2307/2685844},
  nourl = {http://dx.doi.org/10.2307/2685844}
}

@article{Einstein1905b,
  author = {Einstein, A.},
  title = {Über die von der molekularkinetischen Theorie der Wärme geforderte Bewegung von in ruhenden Flüssigkeiten suspendierten Teilchen},
  journal = {Annalen der Physik},
  volume = {322},
  number = {8},
  pages = {549-560},
  doi = {10.1002/andp.19053220806},
  url = {https://onlinelibrary.wiley.com/doi/abs/10.1002/andp.19053220806},
  eprint = {https://onlinelibrary.wiley.com/doi/pdf/10.1002/andp.19053220806}
}

@article{EmanuelMacBeth82,
  author = {Emanuel, D. C.  and MacBeth, J. D. },
  title = {Further Results on the Constant Elasticity of Variance Call Option Pricing Model},
  journal = {The Journal of Financial and Quantitative Analysis.},
  year = {1982},
  volume = {17},
  pages = {533-554},
  number = {},
  address = {},
  publisher = {}
}

@article{ElEuch18,
  author = {El Euch, Omar and Fukasawa, Masaaki and Rosenbaum, Mathieu},
  title = {The microstructural foundations of leverage effect and rough volatility},
  journal = {Finance Stoch.},
  fjournal = {Finance and Stochastics},
  volume = {22},
  year = {2018},
  number = {2},
  pages = {241--280},
  issn = {0949-2984},
  mrclass = {60F17 (60G55 91B70 91G70)},
  mrnumber = {3778355},
  doi = {10.1007/s00780-018-0360-z},
  url = {https://link.springer.com/article/10.1007/s00780-018-0360-z}
}

@unpublished{Elices08,
  author = {Elices, A.},
  title = {Models with time-dependent parameters using transform methods: application to {H}eston's model},
  year = {2008},
  arxiv = {0708.2020},
  note = {Available at arXiv: \url{https://arxiv.org/abs/0708.2020}}
}

@article{Lindstrom08,
  author = {Erik Lindstr\"om and Jonas Str\"ojby and Mats Brod\'en and Magnus Wiktorsson and Jan Holst},
  title = {Sequential calibration of options},
  journal = {Comput. Statist. Data Anal.},
  fjournal = {Computational Statistics \& Data Analysis},
  publisher = {Elsevier},
  address = {Amsterdam},
  issn = {0167-9473},
  volume = {52},
  number = {6},
  pages = {2877--2891},
  year = {2008},
  doi = {10.1016/j.csda.2007.08.009},
  nourl = {http://www.sciencedirect.com/science/article/pii/S0167947307003027}
}

@unpublished{EuchRosenbaum16,
  title = {The characteristic function of rough {H}eston models},
  author = {Euch, O. E. and Rosenbaum, M.},
  arxiv = {1609.02108},
  note = {Available at arXiv: \url{https://arxiv.org/abs/1609.02108}},
  year = {2016}
}

@article{Fakharany16,
  author = {Fakharany, M.  and Company, R. and J\'{o}dar, L.},
  title = {Solving partial integro-differential option pricing problems for a wide class of infinite activity {L}\'{e}vy processes },
  journal = {J. Comput. Appl. Math.},
  fjournal = {Journal of Computational and Applied Mathematics},
  publisher = {Elsevier},
  issn = {0377-0427},
  volume = {296},
  pages = {739--752},
  year = {2016},
  doi = {10.1016/j.cam.2015.10.027},
  mrnumber = {3430170},
  mrclass = {65M06 (45K05 91G20 91G60)},
  nourl = {http://www.sciencedirect.com/science/article/pii/S0377042715005373}
}

@article{Fang08,
  author = {Fang, F. and Oosterlee, C. W.},
  title = {A novel pricing method for {E}uropean options based on {F}ourier-cosine series expansions},
  journal = {SIAM J. Sci. Comput.},
  fjournal = {SIAM Journal on Scientific Computing},
  year = {2009},
  volume = {31},
  number = {2},
  pages = {826--848},
  issn = {1064-8275},
  mrclass = {60E10 (42A10 62P05 65M99 91G20)},
  mrnumber = {2466138},
  mrreviewer = {Bo Zhang},
  doi = {10.1137/080718061},
  nourl = {http://dx.doi.org/10.1137/080718061}
}

@article{Fatone14,
  title = {The calibration of some stochastic volatility models used in mathematical finance},
  author = {Fatone, L. and Mariani, F. and Recchioni, M. C. and Zirilli, F.},
  journal = {Open Journal of Applied Sciences},
  volume = {2014},
  year = {2014},
  publisher = {Scientific Research Publishing}
}

@article{Feller51,
  author = {Feller, W.},
  title = {Two singular diffusion problems},
  journal = {Ann. Math.},
  fjournal = {Annals of Mathematics},
  publisher = {Princeton University},
  issn = {0003-486X},
  volume = {54},
  number = {1},
  pages = {173--182},
  year = {1951},
  series = {Second Series},
  nourl = {http://www.jstor.org/stable/1969318},
  doi = {10.2307/1969318}
}

@incollection{Feng07,
  fauthor = {Liming Feng and Pavlo Kovalov and Vadim Linetsky and Michael Marcozzi},
  author = {Feng, L. and Kovalov, P. and Linetsky, V. and Marcozzi, M.},
  title = {Chapter 7 Variational Methods in Derivatives Pricing },
  editor = {John R. Birge and Vadim Linetsky},
  booktitle = {Financial Engineering},
  publisher = {Elsevier},
  address = {Amsterdam},
  year = {2007},
  volume = {15},
  pages = {301--342},
  series = {Handb. Oper. Res. Manag. Sci.},
  fseries = {Handbooks in Operations Research and Management Science},
  issn = {0927-0507},
  doi = {10.1016/S0927-0507(07)15007-6},
  nourl = {http://www.sciencedirect.com/science/article/pii/S0927050707150076}
}

@article{Feng08,
  fauthor = {Feng, Liming and Linetsky, Vadim},
  author = {Feng, L. and Linetsky, V.},
  title = {Pricing options in jump-diffusion models: an extrapolation approach},
  journal = {Oper. Res.},
  fjournal = {Operations Research},
  volume = {56},
  year = {2008},
  number = {2},
  pages = {304--325},
  issn = {0030-364X},
  mrclass = {91B28 (60J75 65C30)},
  mrnumber = {2410308},
  doi = {10.1287/opre.1070.0419},
  nourl = {http://dx.doi.org/10.1287/opre.1070.0419}
}

@article{Flint17,
  author = {Flint, E. and Maré, E.},
  fauthor = {Emlyn Flint and Eben Maré},
  title = {Fractional {B}lack–{S}choles option pricing, volatility calibration and implied {H}urst exponents in {S}outh {A}frican context},
  journal = {S. Afr. J. Econ. Manag. Sci.},
  fjournal = {South African Journal of Economic and Management Sciences},
  publisher = {AOSIS Publishing},
  issn = {1015-8812},
  e-issn = {2222-3436},
  volume = {20},
  number = {1},
  pages = {1--11},
  year = {2017},
  doi = {10.4102/sajems.v20i1.1532},
  nourl = {http://www.sajems.org/index.php/sajems/article/view/1532}
}

@article{Forde10,
  author = {Forde, M. and Jacquier, A.},
  fauthor = {Forde, Martin and Jacquier, Antoine},
  title = {Robust approximations for pricing {A}sian options and volatility swaps under stochastic volatility},
  journal = {Appl. Math. Finance},
  fjournal = {Applied Mathematical Finance},
  publisher = {Taylor \& Francis},
  issn = {1350-486X},
  e-issn = {1466-4313},
  volume = {17},
  number = {3},
  pages = {241--259},
  year = {2010},
  mrclass = {91G60 (91B70 91G20)},
  mrnumber = {2786961},
  doi = {10.1080/13504860903335348},
  nourl = {http://www.tandfonline.com/doi/abs/10.1080/13504860903335348}
}

@article{Forde11,
  author = {Forde, M. and Jacquier, A.},
  fauthor = {Forde, Martin and Jacquier, Antoine},
  title = {The large-maturity smile for the {H}eston model},
  journal = {Finance Stoch.},
  fjournal = {Finance and Stochastics},
  publisher = {Springer},
  issn = {0949-2984},
  e-issn = {1432-1122},
  volume = {15},
  year = {2011},
  number = {4},
  pages = {755--780},
  mrclass = {60H30 (60F10 60G44 91B70 91G20)},
  mrnumber = {2863641},
  mrreviewer = {Tommi P. Sottinen},
  doi = {10.1007/s00780-010-0147-3},
  nourl = {http://link.springer.com/article/10.1007/s00780-010-0147-3}
}

@article{Forde12,
  author = {Forde, M. and Jacquier, A. and Lee, R.},
  fauthor = {Forde, Martin and Jacquier, Antoine and Lee, Roger},
  title = {The small-time smile and term structure of implied volatility under the {H}eston model},
  journal = {SIAM J. Finan. Math.},
  fjournal = {SIAM Journal on Financial Mathematics},
  publisher = {SIAM},
  issn = {1945-497X},
  year = {2012},
  volume = {3},
  number = {1},
  pages = {690--708},
  doi = {10.1137/110830241},
  nourl = {http://epubs.siam.org/doi/10.1137/110830241},
  mrclass = {60H30 (65C50 91G20 91G60)},
  mrnumber = {3022173}
}

@article{Fouque03b,
  author = {Fouque, J.-P. and Han, C.-H.},
  fauthor = {Fouque, Jean-Pierre and Han, Chuan-Hsiang},
  title = {Pricing {A}sian options with stochastic volatility},
  journal = {Quant. Finance},
  fjournal = {Quantitative Finance},
  publisher = {Taylor \& {F}rancis},
  issn = {1469-7688},
  e-issn = {1469-7696},
  volume = {3},
  number = {5},
  pages = {353--362},
  year = {2003},
  doi = {10.1088/1469-7688/3/5/301},
  nourl = {http://www.tandfonline.com/doi/abs/10.1088/1469-7688/3/5/301}
}

@incollection{Fouque04,
  fauthor = {Fouque, Jean-Pierre and Papanicolaou, George and Sircar, Ronnie},
  author = {Fouque, J.-P. and Papanicolaou, G. and Sircar, R.},
  title = {Stochastic volatility and correction to the heat equation},
  booktitle = {Seminar on {S}tochastic {A}nalysis, {R}andom {F}ields and {A}pplications {IV}},
  series = {Progr. Probab.},
  volume = {58},
  pages = {265--274},
  publisher = {Birkh\"auser, Basel},
  year = {2004},
  mrclass = {60H30 (60G15 60H15 60J60 60J65 91B28)},
  mrnumber = {2096292},
  mrreviewer = {Volkert Paulsen}
}

@article{Fouque03a,
  author = {Fouque, J.-P. and Papanicolaou, G. and Sircar, R. and Solna, K.},
  fauthor = {Fouque, Jean-Pierre and Papanicolaou, George and Sircar, Ronnie and Solna, Knut},
  title = {Multiscale stochastic volatility asymptotics},
  journal = {Multiscale Model. Simul.},
  fjournal = {Multiscale Modeling \& Simulation. A SIAM Interdisciplinary Journal},
  publisher = {SIAM},
  issn = {1540-3459},
  e-issn = {1540-3467},
  volume = {2},
  number = {1},
  pages = {22--42},
  year = {2003},
  doi = {10.1137/030600291},
  nourl = {http://epubs.siam.org/doi/10.1137/030600291}
}

@article{Fouque03c,
  author = {Fouque, J.-P. and Papanicolaou, G. and Sircar, R. and Solna, K.},
  title = {Singular perturbations in option pricing},
  journal = {SIAM J. Appl. Math.},
  fjournal = {SIAM Journal on Applied Mathematics},
  publisher = {SIAM},
  issn = {0036-1399},
  e-issn = {1095-712X},
  volume = {63},
  number = {5},
  pages = {1648--1665},
  year = {2003},
  doi = {10.1137/S0036139902401550},
  nourl = {http://epubs.siam.org/doi/10.1137/S0036139902401550}
}

@article{Fukasawa11,
  author = {Fukasawa, M.},
  title = {Asymptotic analysis for stochastic volatility: martingale expansion},
  journal = {Finance Stoch.},
  fjournal = {Finance and Stochastics},
  publisher = {Springer},
  issn = {0949-2984},
  e-issn = {1432-1122},
  issn = {1432-1122},
  volume = {15},
  number = {4},
  pages = {635--654},
  year = {2011},
  doi = {10.1007/s00780-010-0136-6},
  nourl = {https://link.springer.com/article/10.1007/s00780-010-0136-6}
}

@article{Funahashi17,
  author = {Funahashi, H. and Kijima, M.},
  fauthor = {Funahashi, Hideharu and Kijima, Masaaki},
  title = {Does the {H}urst index matter for option prices under fractional volatility?},
  journal = {Ann. Finance},
  fjournal = {Annals of Finance},
  publisher = {Springer, Berlin},
  issn = {1614-2446},
  e-issn = {1614-2454},
  volume = {13},
  number = {1},
  pages = {55--74},
  year = {2017},
  doi = {10.1007/s10436-016-0289-1},
  nourl = {https://link.springer.com/article/10.1007/s10436-016-0289-1}
}

@ARTICLE{GarciaRenault98,
  author = {Garcia, R.  and Renault, E.},
  title = {A Note on GARCH Option Pricing and Hedging},
  journal = {Mathematical Finance},
  year = {1998},
  volume = {8},
  pages = {153-161},
  number = {2},
  address = {},
  publisher = {}
}

@article{Gander00,
  author = {Gander, W. and Gautschi, W.},
  fauthor = {Gander, Walter and Gautschi, Walter},
  title = {Adaptive quadrature---revisited},
  journal = {BIT},
  fjournal = {BIT. Numerical Mathematics},
  volume = {40},
  year = {2000},
  number = {1},
  pages = {84--101},
  issn = {0006-3835},
  mrclass = {65D30},
  mrnumber = {1759036},
  mrreviewer = {G. A. Evans},
  doi = {10.1023/A:1022318402393},
  nourl = {https://link.springer.com/article/10.1023/A:1022318402393}
}

@article{GatheralJacquier14,
  title = {Arbitrage-free {SVI} volatility surfaces},
  author = {Gatheral, J. and Jacquier, A.},
  journal = {Quant. Finance},
  fjournal = {Quantitative Finance},
  publisher = {Taylor \& {F}rancis},
  issn = {1469-7688},
  e-issn = {1469-7696},
  volume = {14},
  number = {1},
  pages = {59--71},
  year = {2014},
  doi = {10.1080/14697688.2013.819986},
  nourl = {http://www.tandfonline.com/doi/full/10.1080/14697688.2013.819986}
}

@unpublished{Gatheral14,
  author = {Gatheral, J. and Jaisson, T. and Rosenbaum, M.},
  title = {Volatility is rough},
  year = {2014},
  doi = {10.2139/ssrn.2509457},
  arxiv = {1410.3394},
  nonote = {Available at SSRN: \url{http://ssrn.com/abstract=2509457}},
  note = {Available at arXiv: \url{https://arxiv.org/abs/1410.3394}}
}

@article{Gatheral18,
  author = {Gatheral, J. and Jaisson, T. and Rosenbaum, M.},
  title = {Volatility is rough},
  journal = {Quant. Finance},
  fjournal = {Quantitative Finance},
  publisher = {Taylor \& {F}rancis},
  issn = {1469-7688},
  e-issn = {1469-7696},
  volume = {18},
  number = {6},
  pages = {933--949},
  year = {2018},
  doi = {10.1080/14697688.2017.1393551},
  nourl = {https://www.tandfonline.com/doi/full/10.1080/14697688.2017.1393551}
}

@incollection{Gautschi88,
  author = {Gautschi, W.},
  fauthor = {Gautschi, Walter},
  title = {Gauss-{K}ronrod quadrature---a survey},
  booktitle = {Numerical methods and approximation theory, {III} ({N}i\v s, 1987)},
  pages = {39--66},
  publisher = {Univ. Ni\v s},
  address = {Ni\v s},
  year = {1988},
  mrclass = {41A55 (65D32)},
  mrnumber = {960329},
  mrreviewer = {A. J. Rodrigues}
}

@article{Gautschi16acm,
  author = {Gautschi, Walter},
  title = {{Algorithm 957: Evaluation of the Repeated Integral of the Coerror Function by Half-Range Gauss-Hermite Quadrature}},
  journal = {ACM Trans. Math. Softw.},
  issue_date = {February 2016},
  volume = {42},
  number = {1},
  month = mar,
  year = {2016},
  issn = {0098-3500},
  pages = {9:1--9:10},
  articleno = {9},
  numpages = {10},
  url = {http://doi.acm.org/10.1145/2735626},
  doi = {10.1145/2735626},
  acmid = {2735626},
  publisher = {ACM},
  address = {New York, NY, USA},
  keywords = {Half-range Gauss--Hermite quadrature, MATLAB software, repeated integral of the coerror function}
}

@article{GewekeHudak83,
  author = {Geweke, J. and Porter-Hudak, S.},
  journal = {Journal of Time Series Analysis},
  nourl = {http://dx.doi.org/10.1111/j.1467-9892.1983.tb00371.x},
  number = {4},
  pages = {221--238},
  posted-at = {2011-06-25 22:21:28},
  priority = {2},
  publisher = {Blackwell Publishing Ltd},
  title = {{The Estimation and application of long memory time series models}},
  volume = {4},
  year = {1983}
}

@article{ZumbachFernandez14,
  author = {Gilles {Zumbach} and Luis {Fern\'andez}},
  title = {{Option pricing with realistic ARCH processes.}},
  fjournal = {{Quantitative Finance}},
  journal = {{Quant. Finance}},
  issn = {1469-7688; 1469-7696/e},
  volume = {14},
  number = {1},
  pages = {143--170},
  year = {2014},
  publisher = {Taylor \& Francis (Routledge), Abingdon, Oxfordshire},
  language = {English},
  doi = {10.1080/14697688.2013.816437},
  msc2010 = {91G20 91G70 62M10 91G60},
  zbl = {1294.91180}
}

@mastersthesis{Gleeson05,
  author = {Gleeson, C.},
  catalogue-nourl = {http://trove.nla.gov.au/work/3755223},
  nourl = {http://handle.unsw.edu.au/1959.4/22379},
  school = {Banking \& Finance, Australian School of Business, UNSW},
  title = {Pricing and hedging S\&P 500 index options : A comparison of affine jump diffusion models},
  year = {2005}
}

@phdthesis{Gonnet09,
  author = {Gonnet, P.},
  fauthor = {Gonnet, P.},
  school = {ETH Z\"urich},
  title = {Adaptive Quadrature Re-Revisited},
  year = {2009},
  doi = {10.3929/ethz-a-005861903},
  nourl = {https://www.research-collection.ethz.ch/bitstream/handle/20.500.11850/13300/eth-65-02.pdf}
}

@article{Gonnet12,
  author = {Gonnet, P.},
  fauthor = {Gonnet, Pedro},
  title = {A Review of Error Estimation in Adaptive Quadrature},
  journal = {ACM Comput. Surv.},
  issue_date = {August 2012},
  volume = {44},
  number = {4},
  month = sep,
  year = {2012},
  issn = {0360-0300},
  pages = {22:1--22:36},
  articleno = {22},
  numpages = {36},
  url = {http://doi.acm.org/10.1145/2333112.2333117},
  doi = {10.1145/2333112.2333117},
  acmid = {2333117},
  publisher = {ACM},
  address = {New York, NY, USA}
}

@article{GraczykMalecki13,
  author = {Graczyk, P. and Malecki, J.},
  journal = {Journal of Mathematical Physics},
  nourl = {http://dx.doi.org/10.1063/1.4790507},
  number = {2},
  pages = {021503},
  title = {Multidimensional {Yamada--Watanabe} theorem and its applications to particle systems},
  volume = {54},
  year = {2013}
}

@article{GradinaruNourdin09,
  author = {Gradinaru, M. and Nourdin, I.},
  journal = {{ Annales de l'Institut Henri Poincare Probability and Statistics}},
  number = {4},
  title = {Milstein's type schemes for fractional SDEs},
  volume = {45},
  year = {2009}
}

@article{Granger80,
  author = {Granger, C. W. J. and Joyeux, Roselyne},
  doi = {10.1111/j.1467-9892.1980.tb00297.x},
  journal = {Journal of Time Series Analysis},
  month = jan,
  number = {1},
  pages = {15--29},
  publisher = {Blackwell Publishing Ltd},
  title = {An introduction to long-memory time series models and fractional differencing.},
  url = {http://dx.doi.org/10.1111/j.1467-9892.1980.tb00297.x},
  volume = {1},
  year = {1980}
}

@article{Grassi15,
  author = {Grassi, S. and de Magistris, P. S.},
  title = {It's all about volatility of volatility: Evidence from a two-factor stochastic volatility model },
  journal = {J. Empir. Financ.},
  fjournal = {Journal of Empirical Finance},
  publisher = {Elsevier},
  issn = {0927-5398},
  volume = {30},
  number = {},
  pages = {62--78},
  year = {2015},
  doi = {10.1016/j.jempfin.2014.11.007},
  nourl = {http://www.sciencedirect.com/science/article/pii/S0927539814001157}
}

@unpublished{Guennoun14,
  author = {Guennoun, H. and Jacquier, A. and Roome, P.},
  title = {Asymptotic behaviour of the fractional {H}eston model},
  year = {2014},
  doi = {10.2139/ssrn.2531468},
  note = {Available at SSRN: \url{http://ssrn.com/abstract=2531468}}
}

@incollection{GulisashviliVives12,
  title = {Two-sided estimates for distribution densities in models with jumps},
  author = {Gulisashvili, A. and Vives, J.},
  booktitle = {Stochastic Differential Equations and Processes},
  pages = {239--254},
  year = {2012},
  doi = {10.1007/978-3-642-22368-6_7},
  publisher = {Springer},
  address = {Berlin, Heidelberg}
}

@article{GLMV19a,
  title = {Higher order approximation of call option prices under stochastic volatility models.},
  author = {Gulisashvili, A. and Lagunas, M. and Merino, R. and Vives, J.},
  journal = {J. Comput. Finance},
  fjournal = {Journal of Computational Finance},
  publisher = {Incisive Media},
  year = {2020},
	volume = {24},
  number = {1},
  pages = {1--20},
  doi = {10.21314/JCF.2020.387},
  nourl = {https://www.risk.net/journal-of-computational-finance/7568796/high-order-approximations-to-call-option-prices-in-the-heston-model}
}


@article{Guo16,
  author = {Guo, G. and Jacquier, A. and Martini, C. and Neufcourt, L.},
  fauthor = {Gaoyue Guo and Antoine Jacquier and Claude Martini and Leo Neufcourt},
  title = {Generalized Arbitrage-Free {SVI} Volatility Surfaces},
  journal = {SIAM J. Finan. Math.},
  fjournal = {SIAM Journal on Financial Mathematics},
  publisher = {SIAM},
  issn = {1945-497X},
  volume = {7},
  number = {1},
  pages = {619--641},
  year = {2016},
  doi = {10.1137/120900320},
  nourl = {http://epubs.siam.org/doi/abs/10.1137/120900320}
}



@article{Kummer12,
  author = {Kummer, S. and Pauleto, C.},
  title = {The history of Derivatives: A Few Milestones},
  journal = {EFTA Seminar on Regulation of Derivatives Markets},
  year = {2012},
  volume = {},
  pages = {},
  number = {},
  address = {},
  publisher = {}
}

@article{HaganWoodward99,
  author = {Hagan, P. S.  and Woodward, D. E. },
  title = {Equivalent {B}lack volatilities},
  journal = {Applied Mathematical Finance},
  year = {1999},
  volume = {6},
  pages = {147-157},
  number = {3},
  address = {},
  publisher = {}
}

@article{Hagan02,
  author = {Hagan, P. S. and Kumar, D. and Lesniewski, A. and Woodward, D. E},
  journal = {Wilmott Magazine},
  volume = {2002},
  number = {January},
  pages = {84--108},
  title = {Managing smile risk},
  year = {2002}
}

@article{Hamida05,
  author = {Hamida, S. B. and Cont, R.},
  fauthor = {Hamida, Sana Ben and Cont, Rama},
  title = {Recovering volatility from option prices by evolutionary optimization},
  journal = {J. Comput. Finance},
  fjournal = {Journal of Computational Finance},
  publisher = {Incisive Media},
  issn = {1460-1559},
  e-issn = {1755-2850},
  volume = {8},
  number = {4},
  pages = {43--76},
  year = {2005},
  doi = {10.21314/JCF.2005.130},
  nourl = {http://www.risk.net/journal-computational-finance/2160542/recovering-volatility-option-prices-evolutionary-optimization}
}

@article{Heston93,
  author = {Heston, S. L.},
  title = {A closed-form solution for options with stochastic volatility with applications to bond and currency options},
  journal = {Rev. Financ. Stud.},
  fjournal = {The Review of Financial Studies},
  volume = {6},
  number = {2},
  year = {1993},
  pages = {327--343},
  doi = {10.1093/rfs/6.2.327},
  nourl = {http://rfs.oxfordjournals.org/content/6/2/327.abstract},
  issn = {0893-9454},
  e-issn = {1465-7368}
}

@article{Heston17,
  author = {Heston, Steven L. and Rossi, Alberto G.},
  title = {A Spanning Series Approach to Options},
  journal = {The Review of Asset Pricing Studies},
  publisher = {Oxford Univ. Press},
  address = {GREAT CLARENDON ST, OXFORD OX2 6DP, ENGLAND},
  issn = {2045-9920},
  e-issn = {2045-9939},
  volume = {7},
  number = {1},
  pages = {2--42},
  year = {2017},
  doi = {10.1093/rapstu/raw006}
}

@article{HighamMao05,
  author = {Higham, D. J. and Mao, X.},
  title = {Convergence of Monte Carlo simulations involving the mean-reverting square root process},
  journal = {J. Comput. Finance},
  fjournal = {Journal of Computational Finance},
  publisher = {Incisive Media},
  issn = {1460-1559},
  e-issn = {1755-2850},
  volume = {8},
  number = {3},
  pages = {35--61},
  year = {2005},
  doi = {10.21314/JCF.2005.136},
  nourl = {http://www.risk.net/journal-computational-finance/2160537/convergence-monte-carlo-simulations-involving-mean-reverting}
}

@article{Higuchi88,
  author = {Higuchi, T.},
  issn = {0167-2789},
  journal = {Physica D: Nonlinear Phenomena},
  nourl = {http://www.sciencedirect.com/science/article/pii/0167278988900814},
  number = {2},
  pages = {277--283},
  title = {Approach to an irregular time series on the basis of the fractal theory},
  volume = {31},
  year = {1988}
}

@article{Hu13,
  author = {Hu, Y. and Liu, Y. and Nualart, D.},
  eprint = {1306.1458},
  journal = {ArXiv e-prints},
  month = jun,
  title = {{Modified Euler approximation scheme for stochastic differential equations driven by fractional Brownian motions}},
  year = 2013
}

@article{HuOksendal03,
  author = {Hu, Y. and {\O}ksendal, B.},
  journal = {Infinite Dimensional Analysis, Quantum Probability and Related Topics},
  pages = {1--32},
  title = {Fractional white noise calculus and applications to finance},
  volume = {6},
  year = {2003}
}

@article{Hughes05,
  title = {Isogeometric analysis: {CAD}, finite elements, {NURBS}, exact geometry and mesh refinement},
  author = {Hughes, T. J. R. and Cottrell, J. A. and Bazilevs, Y.},
  journal = {Comput. Methods in Appl. Mech. Eng.},
  fjournal = {Computer Methods in Applied Mechanics and Engineering},
  publisher = {Elsevier},
  issn = {0045-7825},
  volume = {194},
  number = {39--41},
  pages = {4135--4195},
  year = {2005},
  doi = {10.1016/j.cma.2004.10.008},
  nourl = {http://www.sciencedirect.com/science/article/pii/S0045782504005171},
  mrnumber = {2152382},
  mrclass = {65D17 (65N30 74S05)}
}

@article{HullWhite87,
  author = {Hull, J. C. and White, A. D.},
  title = {The pricing of options on assets with stochastic volatilities},
  journal = {J. Finance},
  fjournal = {Journal of Finance},
  volume = {42},
  month = {June},
  number = {2},
  pages = {281--300},
  year = {1987},
  issn = {1540-6261},
  publisher = {Blackwell Publishing Ltd},
  nourl = {http://onlinelibrary.wiley.com/doi/10.1111/j.1540-6261.1987.tb02568.x/full},
  doi = {10.1111/j.1540-6261.1987.tb02568.x}
}

@article{Hurn15,
  title = {Estimating the parameters of stochastic volatility models using option price data},
  author = {Hurn, A. S. and Lindsay, K. A. and McClelland, A. J.},
  journal = {Journal of Business \& Economic Statistics},
  volume = {33},
  number = {4},
  pages = {579--594},
  year = {2015},
  publisher = {Taylor \& {F}rancis}
}

@article{Hurst51,
  author = {Hurst, H. E.},
  fauthor = {Hurst, Harold Edwin},
  title = {Long-term storage capacity of reservoirs},
  journal = {Trans. Amer. Soc. Civ. Eng.},
  fjournal = {Transactions of the American Society of Civil Engineers},
  volume = {116},
  number = {1},
  pages = {770--799},
  year = {1951}
}

@article{Hwang14,
  author = {Hwang, E. and Shin, D. W.},
  title = {A bootstrap test for jumps in financial economics },
  journal = {Econom. Lett.},
  fjournal = {Economics Letters},
  publisher = {Elsevier},
  issn = {0165-1765},
  volume = {125},
  number = {1},
  pages = {74--78},
  year = {2014},
  doi = {10.1016/j.econlet.2014.08.024},
  nourl = {http://www.sciencedirect.com/science/article/pii/S0165176514003140}
}

@article{Ingber89,
  author = {Ingber, L.},
  doi = {10.1016/0895-7177(89)90202-1},
  fjournal = {Mathematical and Computer Modelling},
  issn = {0895-7177},
  journal = {Math. Comput. Modelling},
  number = {8},
  pages = {967--973},
  title = {Very fast simulated re-annealing},
  volume = {12},
  year = {1989},
  bdsk-url-1 = {http://dx.doi.org/10.1016/0895-7177(89)90202-1}
}

@article{Intarasit11,
  author = {Intarasit, A. and Sattayatham, P.},
  title = {An approximate formula of {E}uropean option for fractional stochastic volatility jump-diffusion model},
  journal = {J. Math. Stat.},
  fjournal = {Journal of Mathematics and Statistics},
  publisher = {Science Publications},
  issn = {1549-3644},
  e-issn = {1558-6359},
  volume = {7},
  number = {3},
  pages = {230--238},
  year = {2011},
  doi = {10.3844/jmssp.2011.230.238},
  nourl = {http://thescipub.com/abstract/10.3844/jmssp.2011.230.238}
}

@article{Itkin15,
  author = {Itkin, A.},
  title = {High order splitting methods for forward PDEs and PIDEs},
  journal = {Int. J. Theor. Appl. Finance},
  fjournal = {International Journal of Theoretical and Applied Finance},
  publisher = {World Scientific},
  issn = {0219-0249},
  e-issn = {1793-6322},
  volume = {18},
  number = {05},
  pages = {1550031},
  year = {2015},
  optnote = {We have just abstract},
  doi = {10.1142/S0219024915500314},
  nourl = {http://www.worldscientific.com/doi/abs/10.1142/S0219024915500314},
  mrnumber = {3373778},
  mrclass = {65M06 (45K05 91G20 91G60)}
}

@article{JacodTodorov10,
  title = {Do price and volatility jump together?},
  author = {Jacod, J. and Todorov, V.},
  journal = {Ann. Appl. Probab.},
  fjournal = {The Annals of Applied Probability},
  publisher = {Inst. Math. Statist., Bethesda},
  issn = {1050-5164},
  volume = {20},
  number = {4},
  pages = {1425--1469},
  year = {2010},
  nourl = {https://www.jstor.org/stable/20744099}
}

@article{JacquierJarrow00,
  author = {Jacquier, E. and Jarrow, R.},
  title = {Bayesian analysis of contingent claim model error},
  journal = {J. Econometrics},
  fjournal = {Journal of Econometrics},
  publisher = {Elsevier},
  issn = {0304-4076},
  volume = {94},
  number = {1--2},
  pages = {145--180},
  year = {2000},
  doi = {10.1016/S0304-4076(99)00020-2},
  nourl = {http://www.sciencedirect.com/science/article/pii/S0304407699000202}
}

@article{JafariVives13,
  author = {Jafari, H. and Vives, J.},
  title = {A {H}ull and {W}hite formula for a stochastic volatility {L}\'evy model with infinite activity},
  journal = {Commun. Stoch. Anal.},
  fjournal = {Communications on Stochastic Analysis},
  publisher = {Serials Publications},
  issn = {0973-9599},
  year = {2013},
  number = {2},
  pages = {321--336},
  volume = {7},
  mrclass = {60H30 (60G51 60H07 91B70 91G80)},
  mrnumber = {3092237},
  nourl = {https://www.math.lsu.edu/cosa/7-2-10[342].pdf}
}

@article{Jaillet90,
  fauthor = {Jaillet, Patrick and Lamberton, Damien and Lapeyre, Bernard},
  author = {Jaillet, P. and Lamberton, D. and Lapeyre, B.},
  title = {Variational inequalities and the pricing of {A}merican
              options},
  journal = {Acta Appl. Math.},
  fjournal = {Acta Applicandae Mathematicae. An International Survey Journal
              on Applying Mathematics and Mathematical Applications},
  volume = {21},
  year = {1990},
  number = {3},
  pages = {263--289},
  issn = {0167-8019},
  coden = {AAMADV},
  mrclass = {90A09 (49J40 60H99 93E10)},
  mrnumber = {1096582},
  mrreviewer = {Guillermo L. G{\'o}mez M.},
  doi = {10.1007/BF00047211},
  nourl = {http://dx.doi.org/10.1007/BF00047211}
}

@article{Jost08,
  author = {Jost, C.},
  fauthor = {Jost, Céline},
  title = {On the Connection Between {M}olchan-{G}olosov and {M}andelbrot-Van {N}ess Representations of Fractional {B}rownian Motion},
  journal = {J. Integral Equations Appl.},
  fjournal = {Journal of Integral Equations and Applications},
  publisher = {Rocky Mountain Mathematics Consortium},
  issn = {0897-3962},
  e-issn = {1938-2626},
  volume = {20},
  number = {1},
  pages = {93--119},
  year = {2008},
  doi = {10.1216/JIE-2008-20-1-93},
  nourl = {http://www.jstor.org/stable/26163604}
}

@incollection{Jackel04,
  address = {New Jersey},
  author = {J{\"a}ckel, P.},
  booktitle = {The Best of {W}ilmott 1: {I}ncorporating the Quantitative Finance Review},
  pages = {379--390},
  publisher = {John Wiley \& Sons},
  title = {Stochastic volatility models: past, present and future},
  year = {2004}
}

@article{KahlJackel05,
  author = {Kahl, C. and J{\"a}ckel, P.},
  title = {Not-so-complex logarithms in the {H}eston model},
  journal = {Wilmott Magazine},
  fjournal = {Wilmott Magazine},
  volume = {2005},
  number = {September},
  pages = {94--103},
  year = {2005}
}

@article{KahlJackel06,
  author = {Kahl, C. and J{\"a}ckel, P.},
  title = {Fast strong approximation Monte Carlo schemes for stochastic volatility models},
  journal = {Quant. Finance},
  fjournal = {Quantitative Finance},
  publisher = {Taylor \& {F}rancis},
  issn = {1469-7688},
  e-issn = {1469-7696},
  volume = {6},
  number = {6},
  pages = {513--536},
  year = {2006},
  doi = {10.1080/14697680600841108},
  nourl = {http://www.tandfonline.com/doi/full/10.1080/14697680600841108}
}

@techreport{Kilin07,
  author = {Kilin, F.},
  institution = {Frankfurt School of Finance and Management, Centre for Practical Quantitative Finance (CPQF)},
  number = {6},
  title = {Accelerating the calibration of stochastic volatility models},
  type = {CPQF Working Paper Series},
  year = {2007}
}

@article{Killmann01,
  author = {Killmann, F. and von Collani, E.},
  fauthor = {Killmann, Frank and von Collani, Elart},
  title = {A note on the convolution of the uniform and related distributions and their use in quality control},
  journal = {Econ. Qual. Control},
  fjournal = {Economic Quality Control},
  publisher = {Walter de Gruyter},
  issn = {0940-5151},
  volume = {16},
  number = {1},
  pages = {17--41},
  year = {2001},
  doi = {10.1515/EQC.2001.17},
  nourl = {https://www.degruyter.com/view/j/eqc.2001.16.issue-1/eqc.2001.17/eqc.2001.17.xml}
}

@article{Kim76,
  author = {Kim, P. J.},
  title = {The Smirnov distribution},
  journal = {Ann. Inst. Stat. Math.},
  fjournal = {Annals of the Institute of Statistical Mathematics},
  publisher = {Springer Science+Business Media},
  issn = {0020-3157},
  e-issn = {1572-9052},
  volume = {28},
  number = {1},
  pages = {267--275},
  year = {1976},
  doi = {10.1007/BF02504745},
  nourl = {https://link.springer.com/article/10.1007/BF02504745}
}

@article{Kolmogorov40,
  author = {Kolmogorov, A. N.},
  title = {Wienersche {S}piralen und einige andere interessante {K}urven im {H}ilbertschen {R}aum},
  journal = {Dokl. Akad. Nauk SSSR},
  fjournal = {Doklady Akademii Nauk SSSR},
  volume = {26},
  pages = {115--118},
  year = {1940},
  language = {German}
}

@article{Koopman05,
  title = {Forecasting daily variability of the S\&P 100 stock index using historical, realised and implied volatility measurements},
  author = {Koopman, Siem Jan and Jungbacker, Borus and Hol, Eugenie},
  journal = {Journal of Empirical Finance},
  volume = {12},
  number = {3},
  pages = {445--475},
  year = {2005},
  publisher = {Elsevier}
}

@article{Kou02,
  author = {Kou, S. G.},
  title = {A Jump-Diffusion Model for Option Pricing},
  journal = {Manage. Sci.},
  fjournal = {Management Science},
  publisher = {INFORMS},
  address = {Institute for Operations Research and the Management Sciences (INFORMS), Linthicum, Maryland, USA},
  issn = {0025-1909},
  volume = {48},
  number = {8},
  pages = {1086--1101},
  numpages = {16},
  year = {2002},
  month = aug,
  issue_date = {August 2002},
  doi = {10.1287/mnsc.48.8.1086.166},
  nourl = {http://pubsonline.informs.org/doi/abs/10.1287/mnsc.48.8.1086.166}
}

@article{Kuchuk15,
  author = {Kuchuk-Iatsenko, S. and Mishura, Y.},
  fauthor = {Sergii Kuchuk-Iatsenko and Yuliya Mishura},
  title = {Pricing the European call option in the model with stochastic volatility driven by Ornstein–Uhlenbeck process. Exact formulas},
  journal = {Mod. Stoch. Theory Appl.},
  fjournal = {Modern Stochastics: Theory and Applications},
  publisher = {VTEX. Solutions for Science Publishing, Vilnius},
  issn = {2351-6054},
  volume = {2},
  number = {3},
  pages = {233--249},
  year = {2015},
  doi = {10.15559/15-VMSTA36CNF},
  url = {https://www.i-journals.org/vtxpp/VMSTA/article/view/44}
}

@article{Levy53,
  author = {L\'evy, P.},
  fauthor = {L\'evy, Paul},
  title = {Random functions: {G}eneral theory with special references to {L}aplacian random functions},
  journal = {Univ. California Publ. Statist.},
  fjournal = {University of California Publications in Statistics},
  volume = {1},
  pages = {331--390},
  year = {1953}
}

@article{Laurie01,
  author = {Laurie, D. P.},
  fauthor = {Laurie, Dirk P.},
  title = {Computation of {G}auss-type quadrature formulas},
  journal = {J. Comput. Appl. Math.},
  fjournal = {Journal of Computational and Applied Mathematics},
  publisher = {Elsevier},
  issn = {0377-0427},
  volume = {127},
  number = {1-2},
  pages = {201--217},
  year = {2001},
  doi = {10.1016/S0377-0427(00)00506-9},
  nourl = {http://www.sciencedirect.com/science/article/pii/S0377042700005069},
  nonote = {Numerical analysis 2000, Vol. V, Quadrature and orthogonal polynomials}
}

@article{Levendorskii12,
  author = {Levendorskii, S.},
  title = {Efficient Pricing and Reliable Calibration in the {H}eston Model.},
  journal = {Int. J. Theor. Appl. Finance},
  fjournal = {International Journal of Theoretical and Applied Finance},
  publisher = {World Scientific},
  issn = {0219-0249},
  e-issn = {1793-6322},
  volume = {15},
  number = {7},
  pages = {1--44},
  year = {2012},
  doi = {10.1142/S0219024912500501},
  nourl = {http://www.worldscientific.com/doi/abs/10.1142/S0219024912500501}
}

@article{Lewis01,
  author = {Lewis, A. L.},
  title = {A simple option formula for general jump-diffusion and other exponential {L}\'{e}vy processes},
  journal = {Envision Fin. Sys. \& OptionCity{.}net},
  fjournal = {Envision Financial Systems and OptionCity{.}net},
  year = {2001},
  pages = {1--24}
}

@article{Li14,
  author = {Li, H. and Di, L. and Ware, A. and Yuan, G.},
  fauthor = {Li, Hua and Di, Lan and Ware, Antony and Yuan, George},
  title = {The applications of partial integro-differential equations related to adaptive wavelet collocation methods for viscosity solutions to jump-diffusion models},
  journal = {Appl. Math. Comput.},
  fjournal = {Applied Mathematics and Computation},
  publisher = {Elsevier},
  issn = {0096-3003},
  volume = {246},
  pages = {316--335},
  year = {2014},
  doi = {10.1016/j.amc.2014.08.002},
  nourl = {http://www.sciencedirect.com/science/article/pii/S0096300314010960},
  mrnumber = {3265872},
  mrclass = {65M70 (45K05)}
}

@article{Lions07,
  author = {Lions, P.-L. and Musiela, M.},
  title = {Correlations and bounds for stochastic volatility models},
  journal = {Ann. Inst. H. Poincar\'e Anal. Non Lin\'eaire},
  fjournal = {Annales de l'Institut Henri Poincar\'e. Analyse Non
              Lin\'eaire},
  volume = {24},
  year = {2007},
  number = {1},
  pages = {1--16},
  issn = {0294-1449},
  mrclass = {91B28 (60H10 60H30)},
  mrnumber = {2286556},
  mrreviewer = {Luis A. Rincon},
  doi = {10.1016/j.anihpc.2005.05.007},
  nourl = {http://dx.doi.org/10.1016/j.anihpc.2005.05.007}
}

@article{Lipp13,
  author = {Lipp, T. and Loeper, G. and Pironneau, O.},
  fauthor = {Lipp, Tobias and Loeper, Gr{\'e}goire and Pironneau, Olivier},
  title = {Mixing {M}onte-{C}arlo and partial differential equations for pricing options},
  journal = {Chin. Ann. Math. Ser. B},
  fjournal = {Chinese Annals of Mathematics. Series B},
  year = {2013},
  volume = {34},
  number = {2},
  pages = {255--276},
  issn = {0252-9599},
  mrclass = {91G60 (65C05 91B25)},
  mrnumber = {3037039},
  mrreviewer = {Paolo Pellizzari},
  doi = {10.1007/s11401-013-0763-2},
  nourl = {http://dx.doi.org/10.1007/s11401-013-0763-2}
}

@incollection{Lipp14,
  author = {Lipp, T. and Loeper, G. and Pironneau, O.},
  fauthor = {Lipp, Tobias and Loeper, Gr{\'e}goire and Pironneau, Olivier},
  title = {Mixing {M}onte-{C}arlo and partial differential equations for pricing options},
  booktitle = {Partial differential equations: theory, control and approximation},
  pages = {323--347},
  publisher = {Springer, Dordrecht},
  year = {2014},
  mrclass = {91G60 (65C05 65M70)},
  mrnumber = {3204339},
  doi = {10.1007/978-3-642-41401-5_13},
  nourl = {http://dx.doi.org/10.1007/978-3-642-41401-5_13}
}

@article{Lipton02,
  title = {The vol smile problem},
  author = {Lipton, A.},
  journal = {Risk},
  fjournal = {Risk},
  publisher = {Risk Magazine},
  issn = {0952-8776},
  volume = {15},
  number = {2},
  pages = {61--66},
  year = {2002}
}

@article{Loeper09,
  author = {Loeper, G. and Pironneau, O.},
  fauthor = {Loeper, Gr{\'e}goire and Pironneau, Olivier},
  title = {A mixed {PDE}/{M}onte-{C}arlo method for stochastic volatility models},
  journal = {C. R. Math. Acad. Sci. Paris},
  fjournal = {Comptes Rendus Math\'ematique. Acad\'emie des Sciences. Paris},
  year = {2009},
  volume = {347},
  number = {9-10},
  pages = {559--563},
  issn = {1631-073X},
  mrclass = {91G20 (60J65 62P05 65C05)},
  mrnumber = {2576909},
  doi = {10.1016/j.crma.2009.02.021},
  nourl = {http://dx.doi.org/10.1016/j.crma.2009.02.021}
}

@article{Longstaff-Schwartz01,
author = {Longstaff, F. and Schwartz, E.},
year = {2001},
month = {02},
pages = {113-47},
title = {Valuing American Options by Simulation: A Simple Least-Squares Approach},
volume = {14},
journal = {Review of Financial Studies},
doi = {10.1093/rfs/14.1.113}
}

@article{Lord08,
  author = {Lord, R. and Fang, F. and Bervoets, F. and Oosterlee, C. W.},
  title = {A fast and accurate {FFT}-based method for pricing early-exercise options under {L}\'evy processes},
  journal = {SIAM J. Sci. Comput.},
  fjournal = {SIAM Journal on Scientific Computing},
  volume = {30},
  year = {2008},
  number = {4},
  pages = {1678--1705},
  issn = {1064-8275},
  mrclass = {91B28 (60G51 65T50)},
  mrnumber = {2407137},
  mrreviewer = {Laurent E. Nguyen-Ngoc},
  doi = {10.1137/070683878},
  nourl = {http://dx.doi.org/10.1137/070683878}
}

@article{LordKahl07,
  author = {Lord, R. and Kahl, C.},
  journal = {Tinbergen Institute Discussion Paper},
  number = {2006-066/2},
  title = {Optimal Fourier inversion in semianalytical option pricing},
  year = {2007}
}

@article{Lord10,
  author = {Lord, R. and Koekkoek, R. and van Dijk, D.},
  title = {A comparison of biased simulation schemes for stochastic volatility models},
  journal = {Quant. Finance},
  fjournal = {Quantitative Finance},
  publisher = {Taylor \& {F}rancis},
  issn = {1469-7688},
  e-issn = {1469-7696},
  volume = {10},
  number = {2},
  pages = {177--194},
  year = {2010},
  doi = {10.1080/14697680802392496},
  nourl = {http://www.tandfonline.com/doi/full/10.1080/14697680802392496}
}

@article{Scott87,
  author = {Scott, L. O.},
  fauthor = {Scott, L. O.},
  title = {Option pricing when the variance changes randomly: Theory, estimation, and an application},
  ftitle = {Option Pricing when the Variance Changes Randomly: Theory, Estimation, and an Application},
  journal = {J. Financ. Quant. Anal.},
  fjournal = {The Journal of Financial and Quantitative Analysis},
  volume = {22},
  number = {4},
  year = {1987},
  pages = {419--438},
  doi = {10.2307/2330793},
  nourl = {http://www.jstor.org/stable/2330793},
  issn = {0022-1090},
  e-issn = {1756-6916}
}

@article{LuksanSpedicato00,
  author = {Luk{\v{s}}an, L. and Spedicato, E.},
  title = {Variable metric methods for unconstrained optimization and nonlinear least squares},
  journal = {J. Comput. Appl. Math.},
  fjournal = {Journal of Computational and Applied Mathematics},
  publisher = {Elsevier},
  issn = {0377-0427},
  volume = {124},
  number = {1--2},
  pages = {61--95},
  year = {2000},
  doi = {10.1016/S0377-0427(00)00420-9},
  nourl = {http://www.sciencedirect.com/science/article/pii/S0377042700004209},
  nonote = {Numerical analysis 2000, Vol. IV, Optimization and nonlinear equations}
}

@article{Mai14,
  author = {Mai, J.-F. and Scherer, M. and Schulz, T.},
  title = {Sequential modeling of dependent jump processes},
  journal = {Wilmott},
  fjournal = {Wilmott},
  publisher = {John Wiley \& Sons, Ltd.},
  issn = {1541-8286},
  volume = {2014},
  number = {70},
  pages = {54--63},
  year = {2014},
  doi = {10.1002/wilm.10309},
  nourl = {http://onlinelibrary.wiley.com/doi/10.1002/wilm.10309/full}
}

@article{Mandelbrot63,
  author = {Mandelbrot, B.},
  fauthor = {Mandelbrot, Benoit},
  title = {The variation of certain speculative prices},
  journal = {J. Bus.},
  fjournal = {The Journal of Business},
  publisher = {The University of Chicago Press},
  issn = {0021-9398},
  e-issn = {1537-5374},
  volume = {36},
  number = {4},
  pages = {394--419},
  year = {1963},
  nourl = {http://www.jstor.org/stable/2350970}
}

@article{Mandelbrot68,
  author = {Mandelbrot, B.B. and Van Ness, J.W.},
  title = {Fractional {B}rownian motions, fractional noises and applications.},
  journal = {SIAM Rev.},
  fjournal = {SIAM Review},
  volume = {10},
  number = {4},
  pages = {422--437},
  year = {1968},
  doi = {10.1137/1010093},
  nourl = {http://epubs.siam.org/doi/10.1137/1010093}
}

@techreport{Martens04,
  author = {Martens, M. and van Dijk, D. and de Pooter, M.},
  institution = {T},
  month = jun,
  nourl = {http://hdl.handle.net/1765/6630},
  number = {TI 04-067/4},
  title = {Modeling and forecasting S\&P 500 volatility: Long memory, structural breaks and nonlinearity},
  year = 2004
}

@inproceedings{Maslowski06,
  author = {Maslowski, B.},
  booktitle = {Proceedings of seminar in differential equations},
  pages = {7--62},
  title = {Stochastic equations and stochastic methods in partial differential equations},
  year = {2006}
}

@article{Maslowski07,
  author = {Maslowski, B.},
  journal = {Proceedings of Seminar in Diff. Eq.},
  pages = {8--62},
  title = {Stochastic equations and stochastic methods in partial differential equations, (Lecture Notes)},
  year = {2007}
}

@inproceedings{MastorakisNikos05,
  author = {Mastorakis, Nikos E},
  booktitle = {Proceedings of the 6th WSEAS International Conference on Evolutionary Computing},
  organization = {World Scientific and Engineering Academy and Society (WSEAS)},
  pages = {24--28},
  title = {Solving non-linear equations via genetic algorithms},
  year = {2005}
}


@article{McCrickerd18,
  title = {{Turbocharging Monte Carlo pricing for the rough Bergomi model}},
  author = {McCrickerd, Ryan and Pakkanen, Mikko S.},
  journal = {Quant. Finance},
  fjournal = {Quantitative Finance},
  publisher = {Taylor \& {F}rancis, Routledge},
  issn = {1469-7688},
  e-issn = {1469-7696},
  volume = {18},
  number = {11},
  pages = {1877--1886},
  year = {2018},
  doi = {10.1080/14697688.2018.1459812},
  arxiv = {1708.02563}
}

@article{MerinoVives15,
  author = {Merino, R. and Vives, J.},
  title = {A generic decomposition formula for pricing vanilla options under stochastic volatility models},
  journal = {Int. J. Stoch. Anal.},
  fjournal = {International Journal of Stochastic Analysis},
  issn = {2090-3332},
  year = {2015},
  mrclass = {91G20 (60H30 91B70)},
  mrnumber = {3361106},
  doi = {10.1155/2015/103647},
  nourl = {https://www.hindawi.com/journals/ijsa/2015/103647/}
}
% pages = {Art. ID 103647, 11},
@article{MerinoVives17,
  author = {Merino, R. and Vives, J.},
  title = {Option price decomposition in spot-dependent volatility models and some applications},
  journal = {Int. J. Stoch. Anal.},
  fjournal = {International Journal of Stochastic Analysis},
  issn = {2090-3332},
  year = {2017},
  mrclass = {91G20 (60H30 91B70)},
  mrnumber = {3686379},
  doi = {10.1155/2017/8019498},
  nourl = {https://www.hindawi.com/journals/ijsa/2017/8019498/}
}
%pages = {Art. ID 8019498, 16},
@article{MerinoPospisilSobotkaVives18ijtaf,
  author = {Merino, R.  and Posp\'{\i}\v{s}il, J. and Sobotka, T. and Vives, J.},
  title = {Decomposition formula for jump diffusion models},
  journal = {Int. J. Theor. Appl. Finance},
  fjournal = {International Journal of Theoretical and Applied Finance},
  publisher = {World Scientific},
  issn = {0219-0249},
  e-issn = {1793-6322},
  volume = {},
  number = {},
  pages = {},
  year = {2018},
  note = {},
  date = {2018-06-15}
}

@article{Merton73,
  author = {Merton, R. C.},
  title = {Theory of rational option pricing},
  journal = {Bell J. Econ.},
  fjournal = {The Bell Journal of Economics and Management Science},
  publisher = {American Telephone and Telegraph Co.},
  address = {New York},
  issn = {0005-8556},
  volume = {4},
  number = {1},
  pages = {141--183},
  year = {1973},
  doi = {10.2307/3003143},
  nourl = {http://www.jstor.org/stable/3003143}
}


@article{Merton76,
  author = {Merton, R. C.},
  fauthor = {Merton, Robert C.},
  title = {Option pricing when underlying stock returns are discontinuous},
  journal = {J. Financ. Econ.},
  fjournal = {Journal of Financial Economics},
  year = {1976},
  volume = {3},
  number = {1--2},
  pages = {125--144},
  issn = {0304-405X},
  doi = {10.1016/0304-405X(76)90022-2},
  nourl = {http://www.sciencedirect.com/science/article/pii/0304405X76900222}
}

@article{Metropolis53,
  address = {{CIRCULATION FULFILLMENT DIV, 500 SUNNYSIDE BLVD, WOODBURY, NY 11797-2999}},
  author = {Metropolis, N. and Rosenbluth, A. W. and Rosenbluth, M. N. and Teller, A. H. and Teller, E.},
  doi = {10.1063/1.1699114},
  issn = {0021-9606},
  journal = {Journal of Chemical Physics},
  journal-iso = {{J. Chem. Phys.}},
  number = {6},
  pages = {1087--1092},
  publisher = {Amer. Inst. Physics},
  title = {Equation of State Calculations by Fast Computing Machines},
  volume = {21},
  year = {1953},
  bdsk-url-1 = {http://dx.doi.org/10.1063/1.1699114}
}

@article{MikhailovNogel03,
  author = {Mikhailov, S. and N{\"o}gel, U.},
  title = {{H}eston's stochastic volatility model - implementation, calibration and some extensions.},
  journal = {Wilmott magazine},
  fjournal = {Wilmott magazine},
  volume = {2003},
  number = {July},
  pages = {74--79},
  year = {2003},
  nourl = {http://www.wilmott.co.uk/detail.cfm?articleID=231}
}

@article{Milstein74,
  author = {Milstein, G. N.},
  journal = {Theory of Probability and its Application},
  number = {1},
  pages = {557--562},
  title = {Approximate integration of stochastic differential equations},
  volume = {19},
  year = {1974}
}

@article{Molchan69,
  author = {Molchan, G. M. and Golosov, J. I.},
  title = {Gaussian stationary processes with asymptotic power spectrum},
  journal = {Sov. Math. Dokl.},
  fjournal = {Soviet Mathematics. Doklady},
  publisher = {American Mathematical Society (AMS)},
  address = {Providence, RI},
  issn = {0197-6788},
  volume = {10},
  pages = {134--137},
  year = {1969},
  note = {Translation from Dokl. Akad. Nauk SSSR 184, 546--549 (1969)}
}

@article{NicolatoVenardos03,
  author = {Nicolato, E. and Venardos, E.},
  fauthor = {Nicolato, Elisa and Venardos, Emmanouil},
  title = {Option pricing in stochastic volatility models of the {O}rnstein-{U}hlenbeck type},
  journal = {Math. Finance},
  fjournal = {Mathematical Finance. An International Journal of Mathematics, Statistics and Financial Economics},
  publisher = {Blackwell Publishers Inc},
  issn = {0960-1627},
  e-issn = {1467-9965},
  volume = {13},
  number = {4},
  pages = {445--466},
  year = {2003},
  doi = {10.1111/1467-9965.t01-1-00175},
  nourl = {http://onlinelibrary.wiley.com/doi/10.1111/1467-9965.t01-1-00175/full}
}

@inproceedings{Norros96,
  address = {Helsinki, Finland},
  author = {Norros, I. and Valkeila, E. and Virtamo, J.},
  booktitle = {the First Nordic-Russian Symposium on Stochastics},
  title = {A Girsanov-type formula for the fractional Brownian motion},
  year = {1996}
}

@article{Norros99,
  author = {Norros, I. and Valkeila, E. and Virtamo, J.},
  fauthor = {Ilkka Norros and Esko Valkeila and Jorma Virtamo},
  title = {An Elementary Approach to a Girsanov Formula and Other Analytical Results on Fractional Brownian Motions},
  journal = {Bernoulli},
  publisher = {International Statistical Institute (ISI) and Bernoulli Society for Mathematical Statistics and Probability},
  issn = {1350-7265},
  volume = {5},
  number = {4},
  pages = {571--587},
  year = {1999},
  doi = {10.2307/3318691},
  url = {http://www.jstor.org/stable/3318691}
}

@article{Orosi15,
  author = {Orosi, Greg},
  title = {Arbitrage-free call option surface construction using regression splines},
  journal = {Appl. Stoch. Models Bus. Ind.},
  fjournal = {Applied Stochastic Models in Business and Industry},
  publisher = {John Wiley \& Sons Inc.},
  issn = {1524-1904},
  e-issn = {1526-4025},
  volume = {31},
  number = {4},
  pages = {515--527},
  year = {2015},
  mrclass = {91G20 (90C90 91G80)},
  mrnumber = {3376568},
  doi = {10.1002/asmb.2045},
  nourl = {http://onlinelibrary.wiley.com/doi/10.1002/asmb.2045}
}

@article{Ortiz16,
  author = {Ortiz-Gracia, L. and Oosterlee, C. W.},
  fauthor = {Ortiz-Gracia, Luis and Oosterlee, Cornelis W.},
  title = {A highly efficient {S}hannon wavelet inverse {F}ourier technique for pricing {E}uropean options},
  journal = {SIAM J. Sci. Comput.},
  fjournal = {SIAM Journal on Scientific Computing},
  volume = {38},
  year = {2016},
  number = {1},
  pages = {B118--B143},
  issn = {1064-8275},
  mrclass = {65T60 (60E10 62P05 91G20 91G60)},
  mrnumber = {3452255},
  mrreviewer = {Benjamin Jourdain},
  doi = {10.1137/15M1014164},
  nourl = {http://dx.doi.org/10.1137/15M1014164}
}

@unpublished{Osajima07,
  author = {Osajima, Y.},
  title = {The asymptotic expansion formula of implied volatility for dynamic {SABR} model and {FX} hybrid model},
  year = {2007},
  doi = {10.2139/ssrn.965265},
  note = {Available at SSRN: \url{http://ssrn.com/abstract=965265}}
}

@article{Pagan96,
  title = {The econometrics of financial markets},
  author = {Pagan, A.},
  journal = {Journal of empirical finance},
  volume = {3},
  number = {1},
  pages = {15--102},
  year = {1996},
  publisher = {Elsevier}
}

@article{Pal04,
  author = {Pal, Sudebkumar Prasant and Koul, Rakesh Kumar and Musadeekh, Frahad and Ramakrishna, P. H. D. and Basu, Hironmay},
  title = {Computations that require higher than double precision for robust and exact decision making},
  journal = {Int. J. Comput. Math.},
  fjournal = {International Journal of Computer Mathematics},
  publisher = {Taylor \& Fancis},
  issn = {0020-7160},
  e-issn = {1029-0265},
  volume = {81},
  number = {5},
  pages = {595-605},
  year = {2004},
  doi = {10.1080/00207160410001684235},
  nourl = {https://www.tandfonline.com/doi/10.1080/00207160410001684235}
}

@article{Peng94,
  author = {Peng, C.-K. and Buldyrev, S. V. and Havlin, S. and Simons, M. and Stanley, H. E. and Goldberger, A. L.},
  journal = {Physical Review E},
  month = feb,
  number = 2,
  numpages = {4},
  pages = {1685--1689},
  publisher = {American Physical Society},
  title = {Mosaic organization of DNA nucleotides},
  volume = 49,
  year = 1994
}

@inproceedings{Phewchean13,
  author = {Phewchean, NATTAKORN and Wu, YONG HONG and Lenbury, YONGWIMON},
  booktitle = {Proceedings of 2nd WSEAS International Conference on Applied and Computational Mathematics, Vouliagmeni, Athens, Greece},
  organization = {World Scientific and Engineering Academy and Society (WSEAS)},
  title = {Option Pricing with Stochastic Volatility and Market Price of Risk: An Analytic Approach},
  year = {2013}
}

@article{Pironneau07,
  fauthor = {Pironneau, O.},
  author = {Pironneau, Olivier},
  title = {Dupire-like identities for complex options},
  journal = {C. R. Math. Acad. Sci. Paris},
  fjournal = {Comptes Rendus Math\'ematique. Acad\'emie des Sciences. Paris},
  volume = {344},
  year = {2007},
  number = {2},
  pages = {127--133},
  issn = {1631-073X},
  mrclass = {60H30 (60H15 65M60 91B28)},
  mrnumber = {2288603},
  mrreviewer = {Christel Geiss},
  doi = {10.1016/j.crma.2006.11.032},
  nourl = {http://dx.doi.org/10.1016/j.crma.2006.11.032}
}

@article{RambeerichPantelous16,
  author = {Rambeerich, N. and Pantelous, A. A.},
  title = {A high order finite element scheme for pricing options under regime switching jump diffusion processes},
  journal = {J. Comput. Appl. Math.},
  fjournal = {Journal of Computational and Applied Mathematics},
  publisher = {Elsevier},
  issn = {0377-0427},
  volume = {300},
  pages = {83--96},
  year = {2016},
  doi = {10.1016/j.cam.2015.12.019},
  nourl = {http://www.sciencedirect.com/science/article/pii/S0377042715006317},
  mrnumber = {3460286},
  mrclass = {65M60 (65M12 91G10)}
}

@article{Rathod11,
  author = {Rathod, H. T. and Sathish, R. D. and Islam, Md. S. and Gali, A. K.},
  title = {Application of {MATLAB} Symbolic Maths with Variable Precision Arithmetic (VPA) to Compute Some High Order {G}auss {L}egendre Quadrature Rules},
  journal = {Ganit},
  fjournal = {Ganit. Journal of Bangladesh Mathematical Society},
  year = {2011},
  volume = {29},
  number = {0},
  issn = {1606-3694},
  e-issn = {2224-5111},
  nourl = {http://www.banglajol.info/index.php/GANIT/article/view/8521},
  pages = {117--125}
}

@article{Rea09,
  author = {Rea, W. and Oxley, L. and Reale, M. and Brown, J.},
  journal = {Electronic Journal of Statistics},
  nourl = {http://arxiv.org/pdf/0901.0762.pdf},
  title = {Estimators for long range dependence: An empirical study},
  volume = {0},
  year = {2009}
}

@article{Renault97,
  author = {Renault, E.},
  title = {Econometric Models of Option Pricing Errors},
  journal = {In Advances in Economics and Econometrics, Seventh World Congress, Econometric Society Monographs, Cambridge},
  year = {1997},
  volume = {},
  pages = {223-278},
  number = {},
  address = {},
  publisher = {}
}


@article{RenaultTouzi,
  author = {Renault, E. and Touzi, N. },
  title = {Option hedging and implied volatilities in a stochastic volatility model.},
  journal = {Mathematical Finance },
  fjournal = {Mathematical Finance },
  publisher = {Wiley},
  issn = {1614-2446},
  volume = {6},
  number = {3},
  pages = {279-302},
  year = {1996},
  nourl = {https://onlinelibrary.wiley.com/doi/abs/10.1111/j.1467-9965.1996.tb00117.x},
  doi = {10.1111/j.1467-9965.1996.tb00117.x}
}

@article{Ribeiro13,
  author = {Ribeiro, Andr{\'e} and Poulsen, Rolf},
  title = {Approximation behoves calibration},
  journal = {Quant. Finance Letters},
  fjournal = {Quantitative Finance Letters},
  publisher = {Taylor \& {F}rancis},
  issn = {2164-9502},
  e-issn = {2164-9510},
  volume = {1},
  number = {1},
  pages = {36--40},
  year = {2013},
  doi = {10.1080/21649502.2013.803781},
  nourl = {http://www.tandfonline.com/doi/full/10.1080/21649502.2013.803781}
}

@article{Rogers97,
  author = {Rogers, L. C. G.},
  title = {Arbitrage with fractional {B}rownian motion},
  journal = {Math. Finance},
  fjournal = {Mathematical Finance. An International Journal of Mathematics, Statistics and Financial Economics},
  publisher = {Blackwell Publishers Inc},
  issn = {0960-1627},
  e-issn = {1467-9965},
  volume = {7},
  number = {1},
  pages = {95--105},
  year = {1997},
  doi = {10.1111/1467-9965.00025},
  nourl = {http://onlinelibrary.wiley.com/doi/10.1111/1467-9965.00025/full}
}

@phdthesis{Saelim04,
  author = {Saelim, R.},
  school = {Suranaree University of Technology},
  title = {On some fractional stochastic models in Finance.},
  year = {2004}
}

@article{SalmiToivanen14,
  author = {Salmi, S. and Toivanen, J.},
  title = {{IMEX} schemes for pricing options under jump-diffusion models},
  journal = {Appl. Numer. Math.},
  fjournal = {Applied Numerical Mathematics},
  publisher = {Elsevier},
  issn = {0168-9274},
  volume = {84},
  pages = {33--45},
  year = {2014},
  doi = {10.1016/j.apnum.2014.05.007},
  nourl = {http://www.sciencedirect.com/science/article/pii/S0168927414000981},
  mrnumber = {3227311},
  mrclass = {65M06 (91G60)}
}

@article{Schroder89,
  author = {Schroder, M.},
  title = {Computing Constant Elasticity of Variance Option Pricing Formula},
  journal = {The Journal of Finance},
  year = {1989},
  volume = {44},
  pages = {211-219},
  number = {},
  address = {},
  publisher = {}
}

@article{Intarasit07,
  author = {Sattayatham, P. and Intarasit, A. and Chaiyasena, A. P.},
  journal = {Vietnam J. Math.},
  number = {3},
  pages = {231--245},
  publisher = {Vietnam Academy of Science and Technology and Vietnam Mathematical Society, Hanoi; Springer, Singapore},
  title = {A fractional Black-Scholes model with jumps.},
  volume = {35},
  year = {2007}
}


@article{PSamuelson65,
  author = {Samuelson, P.},
  title = { Rational theory of warrant pricing},
  journal = {Industrial Management Review},
  year = {1965},
  volume = {6},
  pages = {13–39},
  number = {},
  address = {},
  publisher = {},
	DOI={}
}


@article{Schwert90,
  author = {Schwert, G. W.},
  journal = {Review of Financial Studies},
  nourl = {http://EconPapers.repec.org/RePEc:oup:rfinst:v:3:y:1990:i:1:p:77-102},
  number = {1},
  pages = {77--102},
  title = {Stock Volatility and the Crash of '87},
  volume = {3},
  year = {1990}
}

@article{SchobelZhu99,
  author = {Sch{\"o}bel, R. and Zhu, J.},
  journal = {European Finance Review},
  nourl = {http://rof.oxfordjournals.org/content/3/1/23.abstract},
  number = {1},
  pages = {23--46},
  title = {Stochastic volatility with an {O}rnstein--{U}hlenbeck process: An extension},
  volume = {3},
  year = {1999}
}

@article{Scott97,
  author = {Scott, L. O.},
  title = {Pricing Stock Options in a Jump-Diffusion Model with Stochastic Volatility and Interest Rates: Applications of Fourier Inversion Methods},
  journal = {Math. Finance},
  fjournal = {Mathematical Finance. An International Journal of Mathematics, Statistics and Financial Economics},
  publisher = {Blackwell Publishers Inc},
  issn = {0960-1627},
  e-issn = {1467-9965},
  volume = {7},
  number = {4},
  pages = {413--426},
  year = {1997},
  doi = {10.1111/1467-9965.00039},
  nourl = {http://onlinelibrary.wiley.com/doi/10.1111/1467-9965.00039/full}
}

@article{Senger13,
  author = {Senger, \"O. and Celik, A. K.},
  title = {A {M}onte {C}arlo simulation study for {K}olmogoorv-{S}mirnov two-sample test under the precondition of heterogeneity: upon the changes on the probabilities of statistical power and type {I} error rates with respect to skewness measure},
  journal = {J. Stat. Econometric Methods},
  fjournal = {Journal of Statistical and Econometric Methods},
  publisher = {Scienpress Ltd.},
  issn = {2241-0384},
  e-issn = {2241-0376},
  volume = {2},
  number = {4},
  pages = {1--16},
  year = {2013},
  nourl = {https://www.scienpress.com/download.asp?ID=918}
}

@article{Sengupta16,
  author = {Sengupta, I.},
  title = {Generalized {BN–S} stochastic volatility model for option pricing},
  journal = {Int. J. Theor. Appl. Finance},
  fjournal = {International Journal of Theoretical and Applied Finance},
  publisher = {World Scientific},
  issn = {0219-0249},
  e-issn = {1793-6322},
  volume = {19},
  number = {02},
  pages = {1650014},
  year = {2016},
  doi = {10.1142/S021902491650014X},
  nourl = {http://www.worldscientific.com/doi/abs/10.1142/S021902491650014X}
}

@article{Serinaldi10,
  author = {Serinaldi, F.},
  journal = {Physica A: Statistical Mechanics and its Applications},
  number = {14},
  pages = {2770-2781},
  title = {Use and misuse of some Hurst parameter estimators applied to stationary and non-stationary financial time series},
  volume = {389},
  year = {2010}
}

@article{Shampine08,
  author = {Shampine, L.F.},
  title = {Vectorized adaptive quadrature in {MATLAB}},
  journal = {J. Comput. Appl. Math.},
  fjournal = {Journal of Computational and Applied Mathematics},
  publisher = {Elsevier},
  issn = {0377-0427},
  volume = {211},
  number = {2},
  pages = {131--140},
  year = {2008},
  doi = {10.1016/j.cam.2006.11.021},
  nourl = {http://www.sciencedirect.com/science/article/pii/S037704270600700X}
}

@article{Shcherbakov16,
  author = {Shcherbakov, Victor and Larsson, Elisabeth},
  title = {Radial basis function partition of unity methods for pricing vanilla basket options},
  journal = {Comput. Math. Appl.},
  fjournal = {Computers \& Mathematics with Applications},
  publisher = {Pergamon-Elsevier Science Ltd},
  address = {The Boulevard, Langford lane, Kidlington, Oxford OX5 1GB, England},
  issn = {0898-1221},
  e-issn = {1873-7668},
  volume = {71},
  number = {1},
  pages = {185--200},
  year = {2016},
  doi = {10.1016/j.camwa.2015.11.007},
  nourl = {http://www.sciencedirect.com/science/article/pii/S0898122115005386}
}

@article{Shephard96,
  title = {Statistical aspects of ARCH and stochastic volatility},
  author = {Shephard, N.},
  journal = {Time Series Models in Econometrics, Finance and Other Fields,(ed. by D.R. Cox, D. V. Hinkley and O. E. Barndorff-Neilsen)},
  volume = {1},
  pages = {67},
  year = {1996}
}

@article{PapanicolaouSircar98,
  title = {General {B}lack-{S}choles models accounting for increased market volatility from hedging strategies},
  author = {Sircar, R. K. and Papanicolaou, G.},
  journal = {Appl. Math. Finance},
  fjournal = {Applied Mathematical Finance},
  publisher = {Taylor \& Francis},
  issn = {1350-486X},
  e-issn = {1466-4313},
  volume = {5},
  number = {1},
  pages = {45--82},
  year = {1998},
  doi = {10.1080/135048698334727},
  nourl = {http://www.tandfonline.com/doi/abs/10.1080/135048698334727}
}

@article{Sottinen01,
  author = {Sottinen, T.},
  journal = {Finance and Stochastics},
  pages = {343--355},
  title = {Fractional Brownian motion, random walks, and binary market models},
  volume = {5},
  year = {2001}
}

@article{SottinenViitasaari2016b,
  author = {Sottinen, T. and Viitasaari, L.},
  title = {Stochastic analysis of {G}aussian processes via {F}redholm representation},
  journal = {Int. J. Stoch. Anal.},
  fjournal = {International Journal of Stochastic Analysis},
  year = {2016},
  pages = {Art. ID 8694365, 15},
  issn = {2090-3332},
  doi = {10.1155/2016/8694365},
  nourl = {https://www.hindawi.com/journals/ijsa/2016/8694365}
}

@article{SottinenViitasaari2016a,
  author = {Sottinen, Tommi and Viitasaari, Lauri},
  title = {Pathwise integrals and {I}t\^{o}-{T}anaka formula for {G}aussian processes},
  journal = {J. Theoret. Probab.},
  fjournal = {Journal of Theoretical Probability},
  volume = {29},
  year = {2016},
  number = {2},
  pages = {590--616},
  issn = {0894-9840},
  doi = {10.1007/s10959-014-0588-2},
  url = {https://doi.org/10.1007/s10959-014-0588-2}
}

@article{SottinenViitasaari2017,
  author = {Sottinen, Tommi and Viitasaari, Lauri},
  title = {Prediction law of fractional {B}rownian motion},
  journal = {Statist. Probab. Lett.},
  fjournal = {Statistics \& Probability Letters},
  issn = {0167-7152},
  volume = {129},
  number = {Supplement C},
  pages = {155--166},
  year = {2017},
  mrclass = {60G22 (60G25)},
  mrnumber = {3688528},
  doi = {10.1016/j.spl.2017.05.006},
  nourl = {http://www.sciencedirect.com/science/article/pii/S0167715217301815},
  preprint = {https://arxiv.org/abs/1610.02900}
}

@article{SottinenViitasaari2018,
  author = {Sottinen, Tommi and Viitasaari, Lauri},
  title = {Conditional-mean hedging under transaction costs in {G}aussian models},
  journal = {Int. J. Theor. Appl. Finance},
  fjournal = {International Journal of Theoretical and Applied Finance},
  volume = {21},
  number = {02},
  pages = {1850015},
  year = {2018},
  doi = {10.1142/S0219024918500152},
  nourl = {https://www.worldscientific.com/doi/abs/10.1142/S0219024918500152}
}

@article{SteinStein91,
  author = {Stein, J. and Stein, E.},
  title = {Stock price distributions with stochastic volatility: An analytic approach},
  journal = {Rev. Financ. Stud.},
  fjournal = {Review of Financial Studies},
  volume = {4},
  number = {4},
  year = {1991},
  pages = {727--752},
  doi = {10.1093/rfs/4.4.727},
  nourl = {http://rfs.oxfordjournals.org/content/4/4/727.abstract},
  issn = {0893-9454},
  e-issn = {1465-7368}
}

@article{SunXu15,
  author = {Sun, Q. and Xu, W.},
  fauthor = {Sun, Qi and Xu, Weidong},
  title = {Pricing foreign equity option with stochastic volatility},
  journal = {Phys. A},
  fjournal = {Physica A: Statistical Mechanics and its Applications},
  publisher = {Elsevier},
  issn = {0378-4371},
  volume = {437},
  pages = {89--100},
  year = {2015},
  doi = {10.1016/j.physa.2015.05.059},
  nourl = {http://www.sciencedirect.com/science/article/pii/S0378437115004744},
  mrnumber = {3371683},
  mrclass = {91G20 (91G60)}
}

@article{Sun15,
  author = {Sun, Y.},
  fauthor = {Sun, Youfa},
  title = {Efficient pricing and hedging under the double {H}eston stochastic volatility jump-diffusion model},
  journal = {Int. J. Comput. Math.},
  fjournal = {International Journal of Computer Mathematics},
  publisher = {Taylor \& Fancis},
  issn = {0020-7160},
  e-issn = {1029-0265},
  volume = {92},
  number = {12},
  pages = {2551--2574},
  year = {2015},
  doi = {10.1080/00207160.2015.1079311},
  nourl = {http://www.tandfonline.com/doi/full/10.1080/00207160.2015.1079311},
  nonote = {We have just abstract},
  mrnumber = {3417373},
  mrclass = {91B70 (60H30 91G20 91G60)}
}

@article{Takac12,
  author = {Tak{\'a}{\v{c}}, P.},
  fauthor = {Tak{\'a}{\v{c}}, Peter},
  title = {Space-time analyticity of weak solutions to linear parabolic systems with variable coefficients},
  journal = {J. Funct. Anal.},
  fjournal = {Journal of Functional Analysis},
  publisher = {Elsevier},
  issn = {0022-1236},
  volume = {263},
  number = {1},
  pages = {50--88},
  year = {2012},
  doi = {10.1016/j.jfa.2012.04.008},
  nourl = {http://www.sciencedirect.com/science/article/pii/S0022123612001620}
}

@techreport{TankovVoltchkova06,
  author = {Tankov, P. and Voltchkova, E.},
  institution = {Universit\'{e} Paris VII},
  nourl = {http://www.math.jussieu.fr/\%7Etankov/tankov\_voltchkova.pdf},
  title = {{Jump-diffusion models: A practitioner's guide}},
  type = {Technical Report},
  year = {2006}
}

@techreport{TankovVoltchkova09,
  author = {Tankov, P. and Voltchkova, E.},
  oldinstitution = {Universit\'{e} Paris VII},
  institution = {Banque et March\'{e}s},
  nourl = {http://www.proba.jussieu.fr/pageperso/tankov/tankov\_voltchkova.pdf},
  title = {{Jump-diffusion models: A practitioner's guide}},
  type = {Technical Report},
  number = {99},
  year = {2009},
  date = {March-April 2009}
}

@article{Taqqu98,
  author = {Taqqu, M. S. and Teverovsky, V. and Willinger, W.},
  journal = {Finance and Stochastics},
  nourl = {http://EconPapers.repec.org/RePEc:spr:finsto:v:3:y:1999:i:1:p:1-13},
  number = {1},
  pages = {1--13},
  title = {Stock market prices and long-range dependence},
  volume = {3},
  year = {1998}
}

@article{Taqqu2001,
  author = {Taqqu, Murad S.},
  title = {Bachelier and his times: A conversation with Bernard Bru},
  journal = {Finance and Stochastics},
  year = {2001},
  month = {Jan},
  day = {01},
  volume = {5},
  number = {1},
  pages = {3--32},
  issn = {0949-2984},
  doi = {10.1007/PL00000039},
  url = {https://doi.org/10.1007/PL00000039}
}

@article{Thao12,
  author = {Thao, H. T. P. and Thao, T. H.},
  fauthor = {Thao, Hoang Thi Phuong and Thao, Tran Hung},
  title = {Estimating fractional stochastic volatility.},
  journal = {Int. J. Contemp. Math. Sciences},
  fjournal = {International Journal of Contemporary Mathematical Sciences},
  publisher = {Hikari Ltd},
  address = {Ruse, Bulgaria},
  issn = {1312-7586},
  e-issn = {1314-7544},
  volume = {7},
  number = {37--40},
  pages = {1861--1869},
  year = {2012},
  nourl = {http://www.m-hikari.com/ijcms/ijcms-2012/37-40-2012/thaoIJCMS37-40-2012.pdf}
}

@article{Thao06,
  author = {Thao, T. H.},
  fauthor = {Thao, Tran Hung},
  title = {An approximate approach to fractional analysis for Finance},
  journal = {Nonlinear Anal. Real World Appl.},
  fjournal = {Nonlinear Analysis: Real world Applications},
  publisher = {Elsevier},
  issn = {1468-1218},
  volume = {7},
  number = {1},
  pages = {124--132},
  year = {2006},
  doi = {10.1016/j.nonrwa.2004.08.012},
  nourl = {http://www.sciencedirect.com/science/article/pii/S1468121805000179}
}

@article{Thao02,
  author = {Thao, T. H. and Nguyen, T. T.},
  fauthor = {Thao, Tran Hung and Nguyen, Tran Trong},
  title = {Fractal {L}angevin equation},
  journal = {Vietnam J. Math.},
  fjournal = {Vietnam Journal of Mathematics},
  issn = {2305-221X},
  e-issn = {2305-2228},
  volume = {30},
  number = {1},
  pages = {89--96},
  year = {2002},
  nourl = {http://www.math.ac.vn/publications/vjm/vjm_30/No.1/Thao-Nguyen.PDF}
}

@article{Townsend16,
  author = {Townsend, Alex and Trogdon, Thomas and Olver, Sheehan},
  title = {Fast computation of {G}auss quadrature nodes and weights on the whole real line},
  journal = {IMA J. Numer. Anal.},
  fjournal = {IMA Journal of Numerical Analysis},
  issn = {0272-4979},
  volume = {36},
  number = {1},
  pages = {337--358},
  year = {2016},
  doi = {10.1093/imanum/drv002},
  url = {https://academic.oup.com/imajna/article-abstract/36/1/337/2363694}
}

@article{Vives13,
  author = {Vives, J.},
  title = {Malliavin calculus for {L}\'evy processes: a survey},
  journal = {Rend. Semin. Mat. Univ. Politec. Torino},
  fjournal = {Rendiconti del Seminario Matematico. Universit\`a e Politecnico Torino},
  volume = {71},
  year = {2013},
  number = {2},
  pages = {261--272},
  issn = {0373-1243},
  mrclass = {60H07 (60G51 91G80)},
  mrnumber = {3345056}
}

@article{Wang2013,
  author = {Wang, Wei and Qian, Linyi and Wang, Wensheng},
  journal = {WSEAS Transactions on Mathematics},
  number = {4},
  title = {Hedging strategy for unit-linked life insurance contracts in stochastic volatility models.},
  volume = {12},
  year = {2013}
}

@techreport{Weron01,
  author = {Weron, R.},
  institution = {Hugo Steinhaus Center, Wroclaw University of Technology},
  nourl = {http://ideas.repec.org/p/wuu/wpaper/hsc0103.html},
  number = {HSC/01/03},
  title = {{Estimating long range dependence: finite sample properties and confidence intervals}},
  type = {HSC Research Reports},
  year = 2001
}

@article{Wiggins87,
  author = {Wiggins, J. B.},
  journal = {Journal of Financial Economics},
  number = {2},
  pages = {351--372},
  title = {Option values under stochastic volatility: Theory and empirical estimates},
  volume = {19},
  year = {1987}
}

@article{Xiu14,
  author = {Xiu, Dacheng},
  title = {Hermite polynomial based expansion of {E}uropean option prices},
  journal = {J. Econometrics},
  fjournal = {Journal of Econometrics},
  volume = {179},
  year = {2014},
  number = {2},
  pages = {158--177},
  issn = {0304-4076},
  mrclass = {91G20 (60H30 60J75)},
  mrnumber = {3170222},
  doi = {10.1016/j.jeconom.2014.01.003},
  url = {https://doi.org/10.1016/j.jeconom.2014.01.003}
}

@article{YamadaWatanabe71,
  ajournal = {J. Math. Kyoto Univ.},
  author = {Yamada, T. and Watanabe, S.},
  journal = {Journal of Mathematics of Kyoto University},
  nourl = {http://projecteuclid.org/euclid.kjm/1250523691},
  number = {1},
  pages = {155--167},
  publisher = {Duke University Press},
  title = {On the uniqueness of solutions of stochastic differential equations},
  volume = {11},
  year = {1971}
}

@inproceedings{YanHanson06,
  author = {Yan, G. and Hanson, F. B.},
  title = {Option pricing for a stochastic-volatility jump-diffusion model with log-uniform jump-amplitude},
  booktitle = {Proceedings of American Control Conference},
  publisher = {IEEE},
  address = {Piscataway, NJ},
  year = {2006},
  pages = {2989--2994},
  doi = {10.1109/acc.2006.1657175}
}

@article{Hon99,
  author = {Yiu-Chung Hon and Xian-Zhong Mao},
  title = {A radial basis function method for solving options pricing models},
  journal = {Finan. Eng.},
  fjournal = {Financial Engineering},
  volume = {8},
  number = {1},
  pages = {31--49},
  year = {1999}
}

@article{Yoshida97,
  title = {Malliavin calculus and asymptotic expansion for martingales},
  author = {Yoshida, N.},
  journal = {Probability Theory and Related Fields},
  volume = {109},
  number = {3},
  pages = {301--342},
  year = {1997},
  publisher = {Springer}
}

@article{Yin96,
  author = {Z.-M. Yin},
  title = {New Methods for Simulation of Fractional Brownian Motion},
  journal = {J. Comput. Phys.},
  fjournal = {Journal of Computational Physics},
  publisher = {Elsevier},
  address = {Amsterdam},
  issn = {0021-9991},
  volume = {127},
  number = {1},
  pages = {66--72},
  year = {1996},
  doi = {10.1006/jcph.1996.0158},
  url = {http://www.sciencedirect.com/science/article/pii/S0021999196901588}
}

@article{Zhylyevskyy10,
  author = {Zhylyevskyy, O.},
  fauthor = {Zhylyevskyy, Oleksandr},
  title = {A fast Fourier transform technique for pricing American options under stochastic volatility},
  journal = {Rev. Deriv. Res.},
  fjournal = {Review of Derivatives Research},
  publisher = {Springer},
  issn = {1380-6645},
  e-issn = {1573-7144},
  volume = {13},
  number = {1},
  pages = {1--24},
  year = {2010},
  doi = {10.1007/s11147-009-9041-6},
  nourl = {http://link.springer.com/article/10.1007/s11147-009-9041-6}
}

@article{Zhylyevskyy12,
  author = {Zhylyevskyy, O.},
  fauthor = {Zhylyevskyy, Oleksandr},
  title = {Efficient pricing of {E}uropean-style options under {H}eston's stochastic volatility model},
  journal = {Theor. Econ. Letters},
  fjournal = {Theoretical Economics Letters},
  publisher = {Scientific Research, An Academic Publisher},
  issn = {2162-2078},
  e-issn = {2162-2086},
  volume = {2},
  number = {1},
  pages = {16--20},
  year = {2012},
  doi = {10.4236/tel.2012.21003},
  nourl = {http://www.scirp.org/Journal/PaperInformation.aspx?PaperID=17350}
}

@article{Zumbach13,
  author = {Zumbach, Gilles},
  title = {The statistical properties of the innovations in multivariate {ARCH} processes in high dimensions},
  journal = {Quant. Finance},
  fjournal = {Quantitative Finance},
  volume = {13},
  year = {2013},
  number = {1},
  pages = {29--44},
  issn = {1469-7688},
  mrclass = {62M10 (91G70)},
  mrnumber = {3005348},
  doi = {10.1080/14697688.2011.589399},
  url = {http://dx.doi.org/10.1080/14697688.2011.589399}
}

@article{ZumbachFernandez13,
  author = {Zumbach, Gilles and Fern{\'a}ndez, Luis},
  title = {Fast and realistic {E}uropean {ARCH} option pricing and hedging},
  journal = {Quant. Finance},
  fjournal = {Quantitative Finance},
  volume = {13},
  year = {2013},
  number = {5},
  pages = {713--728},
  issn = {1469-7688},
  mrclass = {91G60 (91G20)},
  mrnumber = {3054786},
  doi = {10.1080/14697688.2012.750009},
  url = {http://dx.doi.org/10.1080/14697688.2012.750009}
}

@article{Zahle98,
  author = {Z{\"a}hle, M.},
  coden = {PTRFEU},
  doi = {10.1007/s004400050171},
  fjournal = {Probability Theory and Related Fields},
  issn = {0178-8051},
  journal = {Probab. Theory Related Fields},
  mrclass = {60H05 (26A33 26A42)},
  mrnumber = {1640795 (99j:60073)},
  mrreviewer = {Toshio Yamada},
  nourl = {http://dx.doi.org/10.1007/s004400050171},
  number = {3},
  pages = {333--374},
  title = {Integration with respect to fractal functions and stochastic calculus. {I}},
  volume = {111},
  year = {1998},
  bdsk-url-1 = {http://dx.doi.org/10.1007/s004400050171}
}

@mastersthesis{Cekal12a,
  author = {\v{C}ekal, M.},
  title = {Blackovy-Scholesovy modely oce{\v n}ov{\'a}n{\'\i} opc{\'\i}},
  school = {MFF UK},
  year = {2012}
}

@mastersthesis{Cekal12b,
  author = {\v{C}ekal, M.},
  title = {The Effect of Long Memory Volatility on Option Pricing},
  school = {University of Amsterdam},
  year = {2012}
}

@article{HaastrechtPelsser10,
  author = {van Haastrecht, A. and Pelsser, A.},
  title = {Efficient, almost exact simulation of the {H}eston stochastic volatility model},
  journal = {Int. J. Theor. Appl. Finance},
  fjournal = {International Journal of Theoretical and Applied Finance},
  publisher = {World Scientific},
  issn = {0219-0249},
  e-issn = {1793-6322},
  volume = {13},
  number = {01},
  pages = {1--43},
  year = {2010},
  doi = {http://dx.doi.org/10.1142/S0219024910005668},
  nourl = {http://www.worldscientific.com/doi/abs/10.1142/S0219024910005668}
}

@article{Sydow15,
  author = {von Sydow, Lina et al.},
  fauthor = {Lina von Sydow and Lars Josef H\"o\"ok and Elisabeth Larsson and Erik Lindstr\"om and Slobodan Milovanovi\'c and Jonas Persson and Victor Shcherbakov and Yuri Shpolyanskiy and Samuel Sir\'en and Jari Toivanen and Johan Wald\'en and Magnus Wiktorsson and Jeremy Levesley and Juxi Li and Cornelis W. Oosterlee and Maria J. Ruijter and Alexander Toropov and Yangzhang Zhao},
  title = {B{ENCHOP}---the {BENCH}marking project in option pricing},
  journal = {Int. J. Comput. Math.},
  fjournal = {International Journal of Computer Mathematics},
  publisher = {Taylor \& Francis},
  issn = {0020-7160},
  e-issn = {1029-0265},
  volume = {92},
  number = {12},
  pages = {2361--2379},
  year = {2015},
  doi = {10.1080/00207160.2015.1072172},
  nourl = {http://www.tandfonline.com/doi/full/10.1080/00207160.2015.1072172},
  mrnumber = {3417364},
  mrclass = {91G60 (91G20)}
}

