@online {Figueroa12a,
	author = {Figueroa-López, J. and Gong, R. and Houdré, C.},
	title = {High-order short-time expansions for ATM option prices under the {CGMY} model},
	journal = {Preprint},
	year = {2012},
	URL = {https://arxiv.org/abs/1112.3111}
}


@online {Arai20,
	author = {Arai, T.},
	title = {Al\`os type decomposition formula for {B}arndorff-{N}ielsen and {S}hephard model},
	journal = {Preprint},
	year = {2020},
	URL = {https://arxiv.org/abs/2005.07393}
}

@online {LagunasOrtizLatorre20,
	author = {Lagunas, M. and Ortiz-Latorre, S.},
	title = {A decomposition formula for fractional Heston jump diffusion models},
	journal = {Preprint},
	year = {2020},
	URL = {https://arxiv.org/abs/2007.14328}
}


@online{Corcuera,
  author = {Corcuera, J. M.},
	title = {Quantitative Finance},
	year = {2018},
	url = {http://www.ub.edu/plie/personal_PLiE/corcuera_HTML/qf18c.pdf},
}

@online{Sanz-Sole,
  author = {Sanz-Sol\'e, M.},
	title = {AN INTRODUCTION TO STOCHASTIC CALCULUS},
	year = {2012},
	url = {http://www.ub.edu/plie/Sanz-Sole/cursos/lecturenotes.pdf},
}

@online{Alos03,
  author = {Al\`os, E.},
	title = {A General Decomposition Formula for Derivative Prices in Stochastic Volatility Models},
	journal = {Preprint},
	url = {https://papers.ssrn.com/sol3/papers.cfm?abstract_id=428081},
  year = {2003}
}

@online{BIS2016,
  author = {BIS},
  title = {Semiannual {OTC} derivatives statistics},
  date = {10/03/2016},
  year = {2016},
  url = {www.bis.org/statistics/derstats.htm}
}

@online{LIFFE2014,
  author = {Derivatives, {NYSE} {E}uronext - Global},
  date = {10/04/2014},
  url = {https://globalderivatives.nyx.com/listview/contract\_listing},
  title = {Product listing {NYSE} {L}iffe},
  year = {2014}
}

@misc{Gautschi17opq,
  title = {{OPQ}: A {M}atlab suite of programs for generating orthogonal polynomials and related quadrature rules},
  month = {Mar},
  url = {https://purr.purdue.edu/publications/1582/1},
  year = {2017},
  doi = {10.4231/R7959FHP},
  author = {Gautschi, Walter}
}

@online{Jacquier16,
  author = {Jacquier, A.},
  title = {Advanced Methods in Derivatives Pricing, with application to Volatility Modelling},
  year = {2016},
  url = {wwwf.imperial.ac.uk/\~{}ajacquie/IC\_AMDP/IC\_AMDP\_Docs/AMDP.pdf},
  note = {Lecture notes},
  organization = {{I}mperial {C}ollege {L}ondon},
  urldate = {31.3.2016}
}

@online{Mackenzie10,
  author = {Mackenzie, M. and Grant, J.},
  date = {10/04/2014},
  url = {ft.com/intl/cms/s/0/9c7cd41a-26fa-11df-8c08-00144feabdc0.html\#{}axzz2yVyP3UFm},
  title = {Financial Times online: Liffe proves its worth to {NYSE}},
  year = {2010}
}

@online{Quant16p1,
  author = {Masri, A.},
  date = {11/02/2016},
  url = {https://www.quandl.com/blog/interview-with-a-quant-part-one},
  title = {A Quant’s Approach to Building Trading Strategies: Part One},
  year = {2016}
}

@online{Matsuda04,
  title = {Introduction to {M}erton Jump Diffusion Model},
  author = {Matsuda, K.},
  url = {http://www.maxmatsuda.com/Papers/Intro/Intro%20to%20MJD%20Matsuda.pdf},
	fjournal = {Preprint},
  date = {2017-03-27},
  year = {2004}
}

@online{Poitras08,
  author = {Poitras, G.},
  note = {Faculty of Business Administration, Simon Fraser University Vancouver},
  url = {http://www.sfu.ca/~poitras/heinz\_\$\${}.pdf},
  title = {The Early History of Option Contracts},
  year = {2008}
}

@online{Schmelzle10,
  title = {Option pricing formulae using {F}ourier transform: {T}heory and application},
  author = {Schmelzle, M.},
  url = {http://pfadintegral.com/articles/},
  furl = {http://pfadintegral.com/articles/option-pricing-formulae-using-fourier-transform/},
  pdf = {http://pfadintegral.com/docs/Schmelzle2010%20Fourier%20Pricing.pdf},
  date = {05/01/2016},
  year = {2010}
}

@techreport{Yekutieli04,
  author = {Yekutieli, I.},
  title = {Implementation of the {H}eston model for the pricing of {FX} options},
  institution = {Bloomberg LP},
  year = {2004},
  nourl = {http://quantlabs.net/academy/download/free\_quant\_instituitional\_books\_/[Bloomberg,\%20Yekutieli]\%20Implementation\%20of\%20the\%20Hestom\%20Model\%20for\%20the\%20Pricing\%20of\%20FX\%20Options.pdf}
}

